<!DOCTYPE html>
<!-- saved from url=(0071)https://stopandshop.com/browse-aisles/categories/1/categories/1563-meat -->
<html lang="en" ng-app="userApp" style="--vh: 13.040000000000001px; --header: 80px; scroll-padding-top: 80px;"><head><meta http-equiv="Content-Type" content="text/html; charset=UTF-8">
<script type="text/javascript" async="" src="./Browse Aisles - Meat _ Stop &amp; Shop_files/main.MTE0N2UyYjNkMzM.js.download" data-id="CMO2NERC77UB6TL33JN0"></script><script type="text/javascript" async="" src="./Browse Aisles - Meat _ Stop &amp; Shop_files/events.js.download"></script><script async="" src="./Browse Aisles - Meat _ Stop &amp; Shop_files/A2054612-eddf-474e-8f15-1c17aba4527a1.js.download"></script><script type="text/javascript" async="" src="./Browse Aisles - Meat _ Stop &amp; Shop_files/main.MTE0N2UyYjNkMzM.js.download" data-id="CMO2NERC77UB6TL33JN0"></script><script type="text/javascript" async="" src="./Browse Aisles - Meat _ Stop &amp; Shop_files/events.js.download"></script><script async="" src="./Browse Aisles - Meat _ Stop &amp; Shop_files/A2054612-eddf-474e-8f15-1c17aba4527a1.js.download"></script><script type="text/javascript" async="" src="./Browse Aisles - Meat _ Stop &amp; Shop_files/main.MTE0N2UyYjNkMzM.js.download" data-id="CMO2NERC77UB6TL33JN0"></script><script type="text/javascript" async="" src="./Browse Aisles - Meat _ Stop &amp; Shop_files/events.js.download"></script><script async="" src="./Browse Aisles - Meat _ Stop &amp; Shop_files/A2054612-eddf-474e-8f15-1c17aba4527a1.js.download"></script><script type="text/javascript" async="" src="./Browse Aisles - Meat _ Stop &amp; Shop_files/main.MTE0N2UyYjNkMzM.js.download" data-id="CMO2NERC77UB6TL33JN0"></script><script type="text/javascript" async="" src="./Browse Aisles - Meat _ Stop &amp; Shop_files/events.js.download"></script><script async="" src="./Browse Aisles - Meat _ Stop &amp; Shop_files/A2054612-eddf-474e-8f15-1c17aba4527a1.js.download"></script><script type="text/javascript" async="" src="./Browse Aisles - Meat _ Stop &amp; Shop_files/main.MTE0N2UyYjNkMzM.js.download" data-id="CMO2NERC77UB6TL33JN0"></script><script type="text/javascript" async="" src="./Browse Aisles - Meat _ Stop &amp; Shop_files/events.js.download"></script><script async="" src="./Browse Aisles - Meat _ Stop &amp; Shop_files/A2054612-eddf-474e-8f15-1c17aba4527a1.js.download"></script><script type="text/javascript" async="" src="./Browse Aisles - Meat _ Stop &amp; Shop_files/main.MTE0N2UyYjNkMzM.js.download" data-id="CMO2NERC77UB6TL33JN0"></script><script type="text/javascript" async="" src="./Browse Aisles - Meat _ Stop &amp; Shop_files/events.js.download"></script><script async="" src="./Browse Aisles - Meat _ Stop &amp; Shop_files/A2054612-eddf-474e-8f15-1c17aba4527a1.js.download"></script><script type="text/javascript" async="" src="./Browse Aisles - Meat _ Stop &amp; Shop_files/main.MTE0N2UyYjNkMzM.js.download" data-id="CMO2NERC77UB6TL33JN0"></script><script type="text/javascript" async="" src="./Browse Aisles - Meat _ Stop &amp; Shop_files/events.js.download"></script><script async="" src="./Browse Aisles - Meat _ Stop &amp; Shop_files/A2054612-eddf-474e-8f15-1c17aba4527a1.js.download"></script><script src="./Browse Aisles - Meat _ Stop &amp; Shop_files/token_create.js.download"></script><script type="text/javascript" async="" src="./Browse Aisles - Meat _ Stop &amp; Shop_files/identify_3255c1c6.js.download"></script><script type="text/javascript" async="" src="./Browse Aisles - Meat _ Stop &amp; Shop_files/main.MTE0N2UyYjNkMzM.js.download" data-id="CMO2NERC77UB6TL33JN0"></script><script type="text/javascript" async="" src="./Browse Aisles - Meat _ Stop &amp; Shop_files/main.MTE0N2UyYjNkMzM.js.download" data-id="CMO2NERC77UB6TL33JN0"></script><script async="" src="./Browse Aisles - Meat _ Stop &amp; Shop_files/main.47861135.js.download"></script><script type="text/javascript" async="" src="./Browse Aisles - Meat _ Stop &amp; Shop_files/events.js.download"></script><script async="" src="./Browse Aisles - Meat _ Stop &amp; Shop_files/A2054612-eddf-474e-8f15-1c17aba4527a1.js.download"></script><script type="text/javascript" async="" src="./Browse Aisles - Meat _ Stop &amp; Shop_files/core.js.download"></script><script type="text/javascript" async="" src="./Browse Aisles - Meat _ Stop &amp; Shop_files/events.js.download"></script><script async="" src="./Browse Aisles - Meat _ Stop &amp; Shop_files/fbevents.js.download" class="optanon-category-C0004 ot-vscat-C0004 "></script><script type="text/javascript" async="" src="./Browse Aisles - Meat _ Stop &amp; Shop_files/destination"></script><script type="text/javascript" async="" src="./Browse Aisles - Meat _ Stop &amp; Shop_files/destination(1)"></script><script type="text/javascript" async="" src="./Browse Aisles - Meat _ Stop &amp; Shop_files/destination(2)"></script><script type="text/javascript" async="" src="./Browse Aisles - Meat _ Stop &amp; Shop_files/bat.js.download" class="optanon-category-C0004 "></script><script type="text/javascript" async="" src="./Browse Aisles - Meat _ Stop &amp; Shop_files/destination(3)"></script><script type="text/javascript" async="" src="./Browse Aisles - Meat _ Stop &amp; Shop_files/gtm.js.download"></script><script type="text/javascript" async="" src="./Browse Aisles - Meat _ Stop &amp; Shop_files/js"></script><script async="" defer="" src="./Browse Aisles - Meat _ Stop &amp; Shop_files/launchpad.bundle.js.download"></script><script>
    window.ddjskey = "6F06B864D19E80A2E0F4C48238C7FD";
    window.ddoptions = {"ajaxListenerPath":true,"endpoint":"https://dd.stopandshop.com/js/"};
    </script>
    <script src="./Browse Aisles - Meat _ Stop &amp; Shop_files/tags.js.download" async="">
</script>

    <!-- Mobile viewport optimizations -->
    <meta name="HandheldFriendly" content="true">
    <meta name="viewport" content="width=device-width, initial-scale=1.0, maximum-scale=2.0, minimum-scale=1.0">
    <meta name="apple-mobile-web-app-capable" content="yes">
    <meta name="mobile-web-app-capable" content="yes">
    <meta name="format-detection" content="telephone=no">
    <meta name="keywords" content="home grocery delivery, home grocery shopping, grocery shopping from home, home grocery delivery service">
    <meta name="Classification" content="grocery, food, grocery shopping">
    
      
        <meta name="apple-itunes-app" content="app-id=423801622">
        <meta name="google-play-app" content="app-id=com.stopandshop.mobile.droid">
      
    
    <meta http-equiv="X-UA-Compatible" content="IE=edge">
    

    
    
    
        <meta name="google-site-verification" content="NF4IJ18UZ0kzPHv2lpqwyPvcFApXDfNBO4H5nX1-jYI">
    
    
    
    
    

    
    <!-- Title : START -->
    
        
            
                <title>Browse Aisles - Meat | Stop &amp; Shop</title>
                <meta name="twitter:title" content="Online Grocery Delivery and Pickup | Pharmacy | Stop &amp; Shop">
                <meta property="og:title" content="Online Grocery Delivery and Pickup | Pharmacy | Stop &amp; Shop">
                <meta name="description" content="Visit Stop &amp; Shop in person or online for easy grocery shopping, pharmacy refills, recipe inspiration, and more!">
                <meta property="og:description" content="Visit Stop &amp; Shop in person or online for easy grocery shopping, pharmacy refills, recipe inspiration, and more!">
                <meta name="twitter:description" content="Visit Stop &amp; Shop in person or online for easy grocery shopping, pharmacy refills, recipe inspiration, and more!">
            
        
    
    
    <!-- Title : END -->

    
    
        <!-- Apple Icon -->
        <link rel="apple-touch-icon" sizes="57x57" href="https://stopandshop.com/shop/images/favicon/stsh-apple-icon-57x57.png">
        <link rel="apple-touch-icon" sizes="60x60" href="https://stopandshop.com/shop/images/favicon/stsh-apple-icon-60x60.png">
        <link rel="apple-touch-icon" sizes="72x72" href="https://stopandshop.com/shop/images/favicon/stsh-apple-icon-72x72.png">
        <link rel="apple-touch-icon" sizes="76x76" href="https://stopandshop.com/shop/images/favicon/stsh-apple-icon-76x76.png">
        <link rel="apple-touch-icon" sizes="114x114" href="https://stopandshop.com/shop/images/favicon/stsh-apple-icon-114x114.png">
        <link rel="apple-touch-icon" sizes="120x120" href="https://stopandshop.com/shop/images/favicon/stsh-apple-icon-120x120.png">
        <link rel="apple-touch-icon" sizes="144x144" href="https://stopandshop.com/shop/images/favicon/stsh-apple-icon-144x144.png">
        <link rel="apple-touch-icon" sizes="152x152" href="https://stopandshop.com/shop/images/favicon/stsh-apple-icon-152x152.png">
        <link rel="apple-touch-icon" sizes="180x180" href="https://stopandshop.com/shop/images/favicon/stsh-apple-icon-180x180.png">
        <!-- Android Icon medium *1, high *1.5, x-high *2, xx-high *3, xxx-high *4-->
        <link rel="icon" type="image/png" sizes="16x16" href="https://stopandshop.com/shop/images/favicon/stsh-favicon-16x16.png">
        <link rel="icon" type="image/png" sizes="24x24" href="https://stopandshop.com/shop/images/favicon/stsh-favicon-24x24.png">
        <link rel="icon" type="image/png" sizes="32x32" href="https://stopandshop.com/shop/images/favicon/stsh-favicon-32x32.png">
        <link rel="icon" type="image/png" sizes="48x48" href="https://stopandshop.com/shop/images/favicon/stsh-favicon-48x48.png">
        <link rel="icon" type="image/png" sizes="64x64" href="https://stopandshop.com/shop/images/favicon/stsh-favicon-64x64.png">
        <link rel="icon" type="image/png" sizes="96x96" href="https://stopandshop.com/shop/images/favicon/stsh-favicon-96x96.png">  
        <link rel="icon" type="image/png" sizes="192x192" href="https://stopandshop.com/shop/images/favicon/stsh-android-icon-192x192.png">
        <link rel="manifest" href="https://stopandshop.com/shop/images/favicon/manifest-stsh.json">
        <!-- IE11 Browser Icon-->
        <meta name="msapplication-TileColor" content="#ffffff">
        <meta name="msapplication-TileImage" content="/shop/images/favicon/stsh-ms-icon-144x144.png">
        <meta name="msapplication-config" content="/shop/images/favicon/browserconfig-stsh.xml">
        <meta name="theme-color" content="#ffffff">
    

    

    
  
      <script type="text/javascript">
          function getAdobeWebProjectFallBack() {
              console.warn('Adobe font request has failed. The web project may not exist.')
          }
      </script>
      <link rel="stylesheet" href="./Browse Aisles - Meat _ Stop &amp; Shop_files/gsv5wqw.css" onerror="getAdobeWebProjectFallBack()">
  

    
  <!-- One Trust Scripts : START -->
  
        
        
            
            
            
            
            
                <script id="cookielaw-block" type="text/javascript" src="./Browse Aisles - Meat _ Stop &amp; Shop_files/OtAutoBlock.js.download"></script>
                <script id="cookielaw-sdk" src="./Browse Aisles - Meat _ Stop &amp; Shop_files/otSDKStub.js.download" type="text/javascript" charset="UTF-8" data-domain-script="c6732d27-bce0-4c15-9ac4-ed17c2efe7f9"></script>
            
            
        
        <script id="cookielaw-wrapper" type="text/javascript">
            function OptanonWrapper() { }
        </script>
    
  <!-- One Trust Scripts : END -->

    
    <!-- Live Ramp API Implementation : START -->
    <script async="" src="./Browse Aisles - Meat _ Stop &amp; Shop_files/launchpad-liveramp.js.download"></script>
    <!-- Live Ramp API Implementation : END -->


    

    
        
            
                <script async="" src="./Browse Aisles - Meat _ Stop &amp; Shop_files/apple-pay-sdk.js.download"></script>
            
        
        
            
        
    

    <script type="text/javascript">
        var appConfig = {
            superUserEnabled: false,
            apiKey: '340',
            orderStatusEtaBufferMinutes: 30,
            orderStatusLateMinutes: 30,
            orderStatusDepartureTimeHourOffset: 1,
            secureEnabled: true,
            optimizelyEnabled: true,
            sessionTrackingEnabled: true,
            optimizelyUrl: 'https://cdn.optimizely.com/js/8545500175.js',
            datadog: {
              rumEnabled: true,
              applicationId: 'f3f2c575-328d-49ad-9a14-34a39f6cb7d9',
              clientToken: 'pub59a7093f6c40469a3c5f496ea5bf74f9',
              service: 'Peapod Digital Labs',
              environment: 'prod',
              sampleRate: 10,
              trackInteractions: true
            },
            productPrefs: {
                showRecommendations: true
            },
            routeLogging: true,
            modalLogging: true,
            eventLogging: true,
            exceptionLogging: true,
            bazaarVoice: {
                apiVersion: '5.4',
                pageSize: 10
            },
            cdnUrl: 'https://i5.peapod.com',
            opcoId: 'STSH',
            sessionTimeout: 900000,
            devicePushEnabled: true,
            defaultZip: null,
            defaultPickupLocation: null,
            timeOrdQy: 0
        },
        callbacks = {},
        resx = {},
        UserVoice = window.UserVoice || [],
        timeOrdQy = 0;

        appConfig.opcoTheme = 'STSH';
        var googletag = googletag || {};
        googletag.cmd = googletag.cmd || [];

        window.dataLayer = window.dataLayer || [];
        window.dataLayer.push({
            'event': 'gt-dataLayer-initialized',
            'pageCategory': 'landing',
            'userId': 2,
            'userGuid': '',
            'userLoggedIn': !true,
            'zipCode': '',
            'state': '',
            'city': '',
            'daysSinceLastOrder': 0,
            'numberOfOrders': 0,
            'brand': 'STSH',
            'customerType': 'C',
            'orderStatus': 'WORKING',
            'basketId': "1"
        });
    </script>
    
        <script>
            /*<![CDATA[*/
            appConfig.featureFlags = {"featureAdsFirstPartyCookie":true,"featureAllSpecials":true,"featureAllergensAndDietaryPreferences":false,"featureApiSessionOrder":true,"featureApplePay":true,"featureArticleSearch":false,"featureBannerAdObserver":false,"featureBannerAdObserverHomeBottom":true,"featureBloomreachRoutes":false,"featureBrowseAislesRedesign":false,"featureCartRearch":false,"featureCartSubstitutions":true,"featureCartSubstitutionRecommendations":true,"featureCartSubstitutionToggle":true,"featureChatWithShopper":false,"featureCartXsell":true,"featureCategoryProductNewServices":true,"featureCfOptimizelyEnabled":false,"featureClickstreamEvent":false,"featureCouponBadgeIdsEnabled":false,"featureCouponHowTo":true,"featureCouponSearch":false,"featureCouponSearchFilter":false,"featureCouponSearchFilterV2":true,"featureCoupons":true,"featureDietaryPreferences":true,"featureDeliveryEdit":false,"featureEbt":true,"featureEbtOrderUpdate":true,"featureFillCart":true,"featureFireIslandFerryLocations":false,"featureFuelRewards":true,"featureFuelRewardsEnroll":true,"featureHealthAndWellnessAttribute":false,"featureGraphqlRecall":true,"featureGoogleApiAddressValidationEnabled":true,"featureGoogleApiAddressValidationForMerchantsEnabled":false,"featureHomepageSimpleCarousel":true,"featureHistoryWeight":false,"featureItemLevelComments":true,"featureJumpPointsDisableBackground":false,"featureKwmCarousel":true,"featureLeaveAtMyDoor":true,"featureLoginRedirectToRegistration":false,"featureLoyaltyPhoneRequired":false,"featureMiniCart":true,"featureMultibasket":false,"featureMultipleCreditCards":true,"featureNativeLogin":false,"featureNativeVoiceToText":true,"featureNonEndemicAds":true,"featureNuxtRoutes":true,"featurePaypal":false,"featurePercentageTipEnabled":true,"featurePlpXsell":true,"featurePlpXsellLimit":false,"featurePodpassMOffer":false,"featurePodpassUOffer":false,"featurePrism3Gateway":false,"featureProductAvailabilityMessage":true,"featureProductDetailPageRedesign":true,"featureMobileWebContentTileDesign":true,"featureProductTileLoadableCoupon":true,"featureQueryStringRecipes":true,"featureRasaChatbot":true,"featureRewardsRedeemCart":true,"featureRewardsShopOffers":false,"featureRewardsZoneFuel":true,"featureRewardsNewBonusOffersNotification":true,"featureRewardsExpiringPointsNotification":true,"featureRewardsExpiringGasNotification":true,"featureRewardsExpiringGroceryNotification":true,"featureRewardsSimpleRedeem":false,"featureRewardsDonationsHistory":false,"featureRewardsOptInCutOffDateTime":true,"featureRewards":true,"featureRewardsMyAccountHidden":false,"featureRewardsOverview":false,"featureRwdNewLoyaltyPage":true,"featureSalesforceLiveChat":false,"featureSavings":true,"featureSavingsHistory":false,"featureSemanticSearch":true,"featureSiteTransitionModal":false,"featureSlotCount":true,"featureSlotsHomepageRequest":true,"featureSlotLogs":true,"featureSlotPromotion":true,"featureExtraDeliveryPrefSync":true,"featureOrderStatus":true,"featureOrtecMapper":true,"featureUnattendedDelivery":false,"featureExpressDelivery":false,"featureSamedayPopup":false,"featurePfsDeliverySubstitutions":false,"featurePfsDeliveryApproveDecline":false,"featurePay_4PricingPolicy":false,"featureSubscriptionCustomer":true,"featureSubscriptionMerchant":false,"featureSubstitutionSelectionWithDelivery":false,"featureTieredPricing":true,"featureTypeAhead":true,"featureUnattendedInstructions":false,"featureWeeklyAdCoupons":true,"featureWeeklyAdPricingInfo":true,"featureWeeklyAdShoppable":true,"featureWeeklyAd":true,"featureWeeklyAdPdl":true,"featureWeeklyAdV2":false,"featureWeeklyAdTileFlag":true,"featureCouponsShoppingList":true,"featureDmtShoppingList":false,"featureWeeklyAdDeliveryContent":true,"featureDesignatedSlot":false,"featureLoyaltyDonations":true,"featureScanIt":true,"featurePostDeliveryTipping":true,"featureCncLockersLive":true,"featureLockerExtraProductRestrictions":true,"featureLockerRestrictionsActive":true,"featureInstacartSeparateUserCreate":true,"featureInstacartCombinedUserCreate":true,"featureSellByWeight":false,"featureSessionUpdates":false,"featureDisableReviews":false,"featureOneTrustConsentCenter":false,"featureVirginiaConsumerDataProtectionAct":true,"featureSpecialOffersEnabled":true,"featureLogoutV3":true,"featureAutologinV3":true,"featureLoginV6":true,"featureDigitalReceipts":true,"featurePaperless":false,"featureAllowSlAutoLogin":true,"featureInstoreOrderHistory":true,"featureRegistrationDisableDelivery":true,"featureRegistrationRecaptcha":true,"featureCommunicationsPromotionalEmails":true,"featureCommFormUpdate":true,"featureHomeHeroBanner":true,"featureNewNavigationDesign":true,"featureCitrusSponsoredAd":true,"featureCitrusBannerxAdReportOrderPlacement":true,"featureCitrusBannerxAsShelfContent":true,"featureCitrusBannerxAdAtSearchAfter_20":true,"featureCitrusBannerxAdAtCategoryL2After_3Rows":true,"featureCitrusBannerxAdAtCategoryL2After_6Rows":true,"featureCitrusBannerxAdAtPastPurchasesTop":true,"featureCitrusBannerxAdAtPastPurchasesTopMobile":true,"featureCitrusBannerxAdAtSearchDropdown":true,"featureCitrusBannerxAdAtSearchTop":true,"featureCitrusBannerxAdWeeklyadMobileAfter8thtile":true,"featureCitrusBannerxAdWeeklyadDesktopTopofpage":false,"featureCitrusBannerxAdWeeklyadDesktopAfter20thtile":false,"featureCitrusBannerxAdAllSpecialsMobileAfter8thtile":true,"featureCitrusBannerxAdAllSpecialsDesktopTopofpage":false,"featureCitrusBannerxAdAllSpecialsDesktopAfter20thtile":false,"featureCitrusBannerxAdCouponMobileAfter8thtile":true,"featureCitrusBannerxAdCouponDesktopTopofpage":false,"featureCitrusBannerxAdCouponDesktopAfter20thtile":false,"featureCitrusBannerxAdDoubleVerifyTracking":true,"featureCitrusBannerxAdAllSpecialsMobileTopofpage":false,"featureCitrusBannerxAdWeeklyadMobileTopofpage":false,"featureCitrusBannerxAdCouponMobileTopofpage":false,"featureCitrusBannerxAdAtPdpTop":true,"featureSponsoredAdPlatformFilter":true,"featureApiPastpurchaseDeleteOpcoMultitenancy":false,"featureEnableOtp":true,"featureMfaLoginEnabled":true,"featureMfaLoginEnabledForMerchants":false,"featureDigitalWallet":false,"featurePhysicalCardEnabled":true,"featureDisableMandatoryCardOnFile":true,"featureDeleteOnlyCardOnFile":false,"featureEditCreditCardOnFile":false,"featurePayByBankInstore":false,"featureCheckingAccount":true,"featureShoppingListAuthentication":true};
            appConfig.user = {
                currentServiceLocationId: "50000014",
                userId: 2,
                currentOrderId: "0",
                currentServiceType: "B",
                currentBasketId: "1"
            };
            /*]]>*/
        </script>
    
    
    
  

    
    
        
          <link href="./Browse Aisles - Meat _ Stop &amp; Shop_files/stsh_952ba07d0a113f66a1d1bd4b9aa3ede3f8a7e006.css" rel="stylesheet">
        
        
        
        
        
        
        
        
    

    <script src="./Browse Aisles - Meat _ Stop &amp; Shop_files/project-newman-external_952ba07d0a113f66a1d1bd4b9aa3ede3f8a7e006.js.download" charset="utf-8"></script><link type="text/css" rel="stylesheet" id="dark-mode-custom-link"><link type="text/css" rel="stylesheet" id="dark-mode-general-link"><style lang="en" type="text/css" id="dark-mode-custom-style"></style><style lang="en" type="text/css" id="dark-mode-native-style"></style><style lang="en" type="text/css" id="dark-mode-native-sheet"></style>
    <script src="./Browse Aisles - Meat _ Stop &amp; Shop_files/project-newman-user_952ba07d0a113f66a1d1bd4b9aa3ede3f8a7e006.js.download" charset="utf-8"></script><script src="./Browse Aisles - Meat _ Stop &amp; Shop_files/otBannerSdk.js.download" async="" type="text/javascript"></script>
    <script src="./Browse Aisles - Meat _ Stop &amp; Shop_files/webfontloader.js.download" type="text/javascript"></script>
    <!--<base href="/">--><base href=".">
<script type="text/javascript" class="optanon-category-C0001" async="" src="./Browse Aisles - Meat _ Stop &amp; Shop_files/gtm(1).js.download"></script><script src="./Browse Aisles - Meat _ Stop &amp; Shop_files/AppMeasurement.min.js.download" async=""></script><script src="./Browse Aisles - Meat _ Stop &amp; Shop_files/AppMeasurement_Module_ActivityMap.min.js.download" async=""></script><style id="onetrust-style">#onetrust-banner-sdk{-ms-text-size-adjust:100%;-webkit-text-size-adjust:100%}#onetrust-banner-sdk .onetrust-vendors-list-handler{cursor:pointer;color:#1f96db;font-size:inherit;font-weight:bold;text-decoration:none;margin-left:5px}#onetrust-banner-sdk .onetrust-vendors-list-handler:hover{color:#1f96db}#onetrust-banner-sdk:focus{outline:2px solid #000;outline-offset:-2px}#onetrust-banner-sdk a:focus{outline:2px solid #000}#onetrust-banner-sdk #onetrust-accept-btn-handler,#onetrust-banner-sdk #onetrust-reject-all-handler,#onetrust-banner-sdk #onetrust-pc-btn-handler{outline-offset:1px}#onetrust-banner-sdk.ot-bnr-w-logo .ot-bnr-logo{height:64px;width:64px}#onetrust-banner-sdk .ot-close-icon,#onetrust-pc-sdk .ot-close-icon,#ot-sync-ntfy .ot-close-icon{background-size:contain;background-repeat:no-repeat;background-position:center;height:12px;width:12px}#onetrust-banner-sdk .powered-by-logo,#onetrust-banner-sdk .ot-pc-footer-logo a,#onetrust-pc-sdk .powered-by-logo,#onetrust-pc-sdk .ot-pc-footer-logo a,#ot-sync-ntfy .powered-by-logo,#ot-sync-ntfy .ot-pc-footer-logo a{background-size:contain;background-repeat:no-repeat;background-position:center;height:25px;width:152px;display:block;text-decoration:none;font-size:0.75em}#onetrust-banner-sdk .powered-by-logo:hover,#onetrust-banner-sdk .ot-pc-footer-logo a:hover,#onetrust-pc-sdk .powered-by-logo:hover,#onetrust-pc-sdk .ot-pc-footer-logo a:hover,#ot-sync-ntfy .powered-by-logo:hover,#ot-sync-ntfy .ot-pc-footer-logo a:hover{color:#565656}#onetrust-banner-sdk h3 *,#onetrust-banner-sdk h4 *,#onetrust-banner-sdk h6 *,#onetrust-banner-sdk button *,#onetrust-banner-sdk a[data-parent-id] *,#onetrust-pc-sdk h3 *,#onetrust-pc-sdk h4 *,#onetrust-pc-sdk h6 *,#onetrust-pc-sdk button *,#onetrust-pc-sdk a[data-parent-id] *,#ot-sync-ntfy h3 *,#ot-sync-ntfy h4 *,#ot-sync-ntfy h6 *,#ot-sync-ntfy button *,#ot-sync-ntfy a[data-parent-id] *{font-size:inherit;font-weight:inherit;color:inherit}#onetrust-banner-sdk .ot-hide,#onetrust-pc-sdk .ot-hide,#ot-sync-ntfy .ot-hide{display:none !important}#onetrust-banner-sdk button.ot-link-btn:hover,#onetrust-pc-sdk button.ot-link-btn:hover,#ot-sync-ntfy button.ot-link-btn:hover{text-decoration:underline;opacity:1}#onetrust-pc-sdk .ot-sdk-row .ot-sdk-column{padding:0}#onetrust-pc-sdk .ot-sdk-container{padding-right:0}#onetrust-pc-sdk .ot-sdk-row{flex-direction:initial;width:100%}#onetrust-pc-sdk [type="checkbox"]:checked,#onetrust-pc-sdk [type="checkbox"]:not(:checked){pointer-events:initial}#onetrust-pc-sdk [type="checkbox"]:disabled+label::before,#onetrust-pc-sdk [type="checkbox"]:disabled+label:after,#onetrust-pc-sdk [type="checkbox"]:disabled+label{pointer-events:none;opacity:0.7}#onetrust-pc-sdk #vendor-list-content{transform:translate3d(0, 0, 0)}#onetrust-pc-sdk li input[type="checkbox"]{z-index:1}#onetrust-pc-sdk li .ot-checkbox label{z-index:2}#onetrust-pc-sdk li .ot-checkbox input[type="checkbox"]{height:auto;width:auto}#onetrust-pc-sdk li .host-title a,#onetrust-pc-sdk li .ot-host-name a,#onetrust-pc-sdk li .accordion-text,#onetrust-pc-sdk li .ot-acc-txt{z-index:2;position:relative}#onetrust-pc-sdk input{margin:3px 0.1ex}#onetrust-pc-sdk .pc-logo,#onetrust-pc-sdk .ot-pc-logo{height:60px;width:180px;background-position:center;background-size:contain;background-repeat:no-repeat;display:inline-flex;justify-content:center;align-items:center}#onetrust-pc-sdk .pc-logo img,#onetrust-pc-sdk .ot-pc-logo img{max-height:100%;max-width:100%}#onetrust-pc-sdk .screen-reader-only,#onetrust-pc-sdk .ot-scrn-rdr,.ot-sdk-cookie-policy .screen-reader-only,.ot-sdk-cookie-policy .ot-scrn-rdr{border:0;clip:rect(0 0 0 0);height:1px;margin:-1px;overflow:hidden;padding:0;position:absolute;width:1px}#onetrust-pc-sdk.ot-fade-in,.onetrust-pc-dark-filter.ot-fade-in,#onetrust-banner-sdk.ot-fade-in{animation-name:onetrust-fade-in;animation-duration:400ms;animation-timing-function:ease-in-out}#onetrust-pc-sdk.ot-hide{display:none !important}.onetrust-pc-dark-filter.ot-hide{display:none !important}#ot-sdk-btn.ot-sdk-show-settings,#ot-sdk-btn.optanon-show-settings{color:#68b631;border:1px solid #68b631;height:auto;white-space:normal;word-wrap:break-word;padding:0.8em 2em;font-size:0.8em;line-height:1.2;cursor:pointer;-moz-transition:0.1s ease;-o-transition:0.1s ease;-webkit-transition:1s ease;transition:0.1s ease}#ot-sdk-btn.ot-sdk-show-settings:hover,#ot-sdk-btn.optanon-show-settings:hover{color:#fff;background-color:#68b631}.onetrust-pc-dark-filter{background:rgba(0,0,0,0.5);z-index:2147483646;width:100%;height:100%;overflow:hidden;position:fixed;top:0;bottom:0;left:0}@keyframes onetrust-fade-in{0%{opacity:0}100%{opacity:1}}.ot-cookie-label{text-decoration:underline}@media only screen and (min-width: 426px) and (max-width: 896px) and (orientation: landscape){#onetrust-pc-sdk p{font-size:0.75em}}#onetrust-banner-sdk .banner-option-input:focus+label{outline:1px solid #000;outline-style:auto}.category-vendors-list-handler+a:focus,.category-vendors-list-handler+a:focus-visible{outline:2px solid #000}#onetrust-pc-sdk .ot-userid-title{margin-top:10px}#onetrust-pc-sdk .ot-userid-title>span,#onetrust-pc-sdk .ot-userid-timestamp>span{font-weight:700}#onetrust-pc-sdk .ot-userid-desc{font-style:italic}#onetrust-pc-sdk .ot-host-desc a{pointer-events:initial}#onetrust-pc-sdk .ot-ven-hdr>p a{position:relative;z-index:2;pointer-events:initial}#onetrust-pc-sdk .ot-vnd-serv .ot-vnd-item .ot-vnd-info a,#onetrust-pc-sdk .ot-vs-list .ot-vnd-item .ot-vnd-info a{margin-right:auto}
#onetrust-banner-sdk,#onetrust-pc-sdk,#ot-sdk-cookie-policy,#ot-sync-ntfy{font-size:16px}#onetrust-banner-sdk *,#onetrust-banner-sdk ::after,#onetrust-banner-sdk ::before,#onetrust-pc-sdk *,#onetrust-pc-sdk ::after,#onetrust-pc-sdk ::before,#ot-sdk-cookie-policy *,#ot-sdk-cookie-policy ::after,#ot-sdk-cookie-policy ::before,#ot-sync-ntfy *,#ot-sync-ntfy ::after,#ot-sync-ntfy ::before{-webkit-box-sizing:content-box;-moz-box-sizing:content-box;box-sizing:content-box}#onetrust-banner-sdk div,#onetrust-banner-sdk span,#onetrust-banner-sdk h1,#onetrust-banner-sdk h2,#onetrust-banner-sdk h3,#onetrust-banner-sdk h4,#onetrust-banner-sdk h5,#onetrust-banner-sdk h6,#onetrust-banner-sdk p,#onetrust-banner-sdk img,#onetrust-banner-sdk svg,#onetrust-banner-sdk button,#onetrust-banner-sdk section,#onetrust-banner-sdk a,#onetrust-banner-sdk label,#onetrust-banner-sdk input,#onetrust-banner-sdk ul,#onetrust-banner-sdk li,#onetrust-banner-sdk nav,#onetrust-banner-sdk table,#onetrust-banner-sdk thead,#onetrust-banner-sdk tr,#onetrust-banner-sdk td,#onetrust-banner-sdk tbody,#onetrust-banner-sdk .ot-main-content,#onetrust-banner-sdk .ot-toggle,#onetrust-banner-sdk #ot-content,#onetrust-banner-sdk #ot-pc-content,#onetrust-banner-sdk .checkbox,#onetrust-pc-sdk div,#onetrust-pc-sdk span,#onetrust-pc-sdk h1,#onetrust-pc-sdk h2,#onetrust-pc-sdk h3,#onetrust-pc-sdk h4,#onetrust-pc-sdk h5,#onetrust-pc-sdk h6,#onetrust-pc-sdk p,#onetrust-pc-sdk img,#onetrust-pc-sdk svg,#onetrust-pc-sdk button,#onetrust-pc-sdk section,#onetrust-pc-sdk a,#onetrust-pc-sdk label,#onetrust-pc-sdk input,#onetrust-pc-sdk ul,#onetrust-pc-sdk li,#onetrust-pc-sdk nav,#onetrust-pc-sdk table,#onetrust-pc-sdk thead,#onetrust-pc-sdk tr,#onetrust-pc-sdk td,#onetrust-pc-sdk tbody,#onetrust-pc-sdk .ot-main-content,#onetrust-pc-sdk .ot-toggle,#onetrust-pc-sdk #ot-content,#onetrust-pc-sdk #ot-pc-content,#onetrust-pc-sdk .checkbox,#ot-sdk-cookie-policy div,#ot-sdk-cookie-policy span,#ot-sdk-cookie-policy h1,#ot-sdk-cookie-policy h2,#ot-sdk-cookie-policy h3,#ot-sdk-cookie-policy h4,#ot-sdk-cookie-policy h5,#ot-sdk-cookie-policy h6,#ot-sdk-cookie-policy p,#ot-sdk-cookie-policy img,#ot-sdk-cookie-policy svg,#ot-sdk-cookie-policy button,#ot-sdk-cookie-policy section,#ot-sdk-cookie-policy a,#ot-sdk-cookie-policy label,#ot-sdk-cookie-policy input,#ot-sdk-cookie-policy ul,#ot-sdk-cookie-policy li,#ot-sdk-cookie-policy nav,#ot-sdk-cookie-policy table,#ot-sdk-cookie-policy thead,#ot-sdk-cookie-policy tr,#ot-sdk-cookie-policy td,#ot-sdk-cookie-policy tbody,#ot-sdk-cookie-policy .ot-main-content,#ot-sdk-cookie-policy .ot-toggle,#ot-sdk-cookie-policy #ot-content,#ot-sdk-cookie-policy #ot-pc-content,#ot-sdk-cookie-policy .checkbox,#ot-sync-ntfy div,#ot-sync-ntfy span,#ot-sync-ntfy h1,#ot-sync-ntfy h2,#ot-sync-ntfy h3,#ot-sync-ntfy h4,#ot-sync-ntfy h5,#ot-sync-ntfy h6,#ot-sync-ntfy p,#ot-sync-ntfy img,#ot-sync-ntfy svg,#ot-sync-ntfy button,#ot-sync-ntfy section,#ot-sync-ntfy a,#ot-sync-ntfy label,#ot-sync-ntfy input,#ot-sync-ntfy ul,#ot-sync-ntfy li,#ot-sync-ntfy nav,#ot-sync-ntfy table,#ot-sync-ntfy thead,#ot-sync-ntfy tr,#ot-sync-ntfy td,#ot-sync-ntfy tbody,#ot-sync-ntfy .ot-main-content,#ot-sync-ntfy .ot-toggle,#ot-sync-ntfy #ot-content,#ot-sync-ntfy #ot-pc-content,#ot-sync-ntfy .checkbox{font-family:inherit;font-weight:normal;-webkit-font-smoothing:auto;letter-spacing:normal;line-height:normal;padding:0;margin:0;height:auto;min-height:0;max-height:none;width:auto;min-width:0;max-width:none;border-radius:0;border:none;clear:none;float:none;position:static;bottom:auto;left:auto;right:auto;top:auto;text-align:left;text-decoration:none;text-indent:0;text-shadow:none;text-transform:none;white-space:normal;background:none;overflow:visible;vertical-align:baseline;visibility:visible;z-index:auto;box-shadow:none}#onetrust-banner-sdk label:before,#onetrust-banner-sdk label:after,#onetrust-banner-sdk .checkbox:after,#onetrust-banner-sdk .checkbox:before,#onetrust-pc-sdk label:before,#onetrust-pc-sdk label:after,#onetrust-pc-sdk .checkbox:after,#onetrust-pc-sdk .checkbox:before,#ot-sdk-cookie-policy label:before,#ot-sdk-cookie-policy label:after,#ot-sdk-cookie-policy .checkbox:after,#ot-sdk-cookie-policy .checkbox:before,#ot-sync-ntfy label:before,#ot-sync-ntfy label:after,#ot-sync-ntfy .checkbox:after,#ot-sync-ntfy .checkbox:before{content:"";content:none}
#onetrust-banner-sdk .ot-sdk-container,#onetrust-pc-sdk .ot-sdk-container,#ot-sdk-cookie-policy .ot-sdk-container{position:relative;width:100%;max-width:100%;margin:0 auto;padding:0 20px;box-sizing:border-box}#onetrust-banner-sdk .ot-sdk-column,#onetrust-banner-sdk .ot-sdk-columns,#onetrust-pc-sdk .ot-sdk-column,#onetrust-pc-sdk .ot-sdk-columns,#ot-sdk-cookie-policy .ot-sdk-column,#ot-sdk-cookie-policy .ot-sdk-columns{width:100%;float:left;box-sizing:border-box;padding:0;display:initial}@media (min-width: 400px){#onetrust-banner-sdk .ot-sdk-container,#onetrust-pc-sdk .ot-sdk-container,#ot-sdk-cookie-policy .ot-sdk-container{width:90%;padding:0}}@media (min-width: 550px){#onetrust-banner-sdk .ot-sdk-container,#onetrust-pc-sdk .ot-sdk-container,#ot-sdk-cookie-policy .ot-sdk-container{width:100%}#onetrust-banner-sdk .ot-sdk-column,#onetrust-banner-sdk .ot-sdk-columns,#onetrust-pc-sdk .ot-sdk-column,#onetrust-pc-sdk .ot-sdk-columns,#ot-sdk-cookie-policy .ot-sdk-column,#ot-sdk-cookie-policy .ot-sdk-columns{margin-left:4%}#onetrust-banner-sdk .ot-sdk-column:first-child,#onetrust-banner-sdk .ot-sdk-columns:first-child,#onetrust-pc-sdk .ot-sdk-column:first-child,#onetrust-pc-sdk .ot-sdk-columns:first-child,#ot-sdk-cookie-policy .ot-sdk-column:first-child,#ot-sdk-cookie-policy .ot-sdk-columns:first-child{margin-left:0}#onetrust-banner-sdk .ot-sdk-two.ot-sdk-columns,#onetrust-pc-sdk .ot-sdk-two.ot-sdk-columns,#ot-sdk-cookie-policy .ot-sdk-two.ot-sdk-columns{width:13.3333333333%}#onetrust-banner-sdk .ot-sdk-three.ot-sdk-columns,#onetrust-pc-sdk .ot-sdk-three.ot-sdk-columns,#ot-sdk-cookie-policy .ot-sdk-three.ot-sdk-columns{width:22%}#onetrust-banner-sdk .ot-sdk-four.ot-sdk-columns,#onetrust-pc-sdk .ot-sdk-four.ot-sdk-columns,#ot-sdk-cookie-policy .ot-sdk-four.ot-sdk-columns{width:30.6666666667%}#onetrust-banner-sdk .ot-sdk-eight.ot-sdk-columns,#onetrust-pc-sdk .ot-sdk-eight.ot-sdk-columns,#ot-sdk-cookie-policy .ot-sdk-eight.ot-sdk-columns{width:65.3333333333%}#onetrust-banner-sdk .ot-sdk-nine.ot-sdk-columns,#onetrust-pc-sdk .ot-sdk-nine.ot-sdk-columns,#ot-sdk-cookie-policy .ot-sdk-nine.ot-sdk-columns{width:74%}#onetrust-banner-sdk .ot-sdk-ten.ot-sdk-columns,#onetrust-pc-sdk .ot-sdk-ten.ot-sdk-columns,#ot-sdk-cookie-policy .ot-sdk-ten.ot-sdk-columns{width:82.6666666667%}#onetrust-banner-sdk .ot-sdk-eleven.ot-sdk-columns,#onetrust-pc-sdk .ot-sdk-eleven.ot-sdk-columns,#ot-sdk-cookie-policy .ot-sdk-eleven.ot-sdk-columns{width:91.3333333333%}#onetrust-banner-sdk .ot-sdk-twelve.ot-sdk-columns,#onetrust-pc-sdk .ot-sdk-twelve.ot-sdk-columns,#ot-sdk-cookie-policy .ot-sdk-twelve.ot-sdk-columns{width:100%;margin-left:0}}#onetrust-banner-sdk h1,#onetrust-banner-sdk h2,#onetrust-banner-sdk h3,#onetrust-banner-sdk h4,#onetrust-banner-sdk h5,#onetrust-banner-sdk h6,#onetrust-pc-sdk h1,#onetrust-pc-sdk h2,#onetrust-pc-sdk h3,#onetrust-pc-sdk h4,#onetrust-pc-sdk h5,#onetrust-pc-sdk h6,#ot-sdk-cookie-policy h1,#ot-sdk-cookie-policy h2,#ot-sdk-cookie-policy h3,#ot-sdk-cookie-policy h4,#ot-sdk-cookie-policy h5,#ot-sdk-cookie-policy h6{margin-top:0;font-weight:600;font-family:inherit}#onetrust-banner-sdk h1,#onetrust-pc-sdk h1,#ot-sdk-cookie-policy h1{font-size:1.5rem;line-height:1.2}#onetrust-banner-sdk h2,#onetrust-pc-sdk h2,#ot-sdk-cookie-policy h2{font-size:1.5rem;line-height:1.25}#onetrust-banner-sdk h3,#onetrust-pc-sdk h3,#ot-sdk-cookie-policy h3{font-size:1.5rem;line-height:1.3}#onetrust-banner-sdk h4,#onetrust-pc-sdk h4,#ot-sdk-cookie-policy h4{font-size:1.5rem;line-height:1.35}#onetrust-banner-sdk h5,#onetrust-pc-sdk h5,#ot-sdk-cookie-policy h5{font-size:1.5rem;line-height:1.5}#onetrust-banner-sdk h6,#onetrust-pc-sdk h6,#ot-sdk-cookie-policy h6{font-size:1.5rem;line-height:1.6}@media (min-width: 550px){#onetrust-banner-sdk h1,#onetrust-pc-sdk h1,#ot-sdk-cookie-policy h1{font-size:1.5rem}#onetrust-banner-sdk h2,#onetrust-pc-sdk h2,#ot-sdk-cookie-policy h2{font-size:1.5rem}#onetrust-banner-sdk h3,#onetrust-pc-sdk h3,#ot-sdk-cookie-policy h3{font-size:1.5rem}#onetrust-banner-sdk h4,#onetrust-pc-sdk h4,#ot-sdk-cookie-policy h4{font-size:1.5rem}#onetrust-banner-sdk h5,#onetrust-pc-sdk h5,#ot-sdk-cookie-policy h5{font-size:1.5rem}#onetrust-banner-sdk h6,#onetrust-pc-sdk h6,#ot-sdk-cookie-policy h6{font-size:1.5rem}}#onetrust-banner-sdk p,#onetrust-pc-sdk p,#ot-sdk-cookie-policy p{margin:0 0 1em 0;font-family:inherit;line-height:normal}#onetrust-banner-sdk a,#onetrust-pc-sdk a,#ot-sdk-cookie-policy a{color:#565656;text-decoration:underline}#onetrust-banner-sdk a:hover,#onetrust-pc-sdk a:hover,#ot-sdk-cookie-policy a:hover{color:#565656;text-decoration:none}#onetrust-banner-sdk .ot-sdk-button,#onetrust-banner-sdk button,#onetrust-pc-sdk .ot-sdk-button,#onetrust-pc-sdk button,#ot-sdk-cookie-policy .ot-sdk-button,#ot-sdk-cookie-policy button{margin-bottom:1rem;font-family:inherit}#onetrust-banner-sdk .ot-sdk-button,#onetrust-banner-sdk button,#onetrust-pc-sdk .ot-sdk-button,#onetrust-pc-sdk button,#ot-sdk-cookie-policy .ot-sdk-button,#ot-sdk-cookie-policy button{display:inline-block;height:38px;padding:0 30px;color:#555;text-align:center;font-size:0.9em;font-weight:400;line-height:38px;letter-spacing:0.01em;text-decoration:none;white-space:nowrap;background-color:transparent;border-radius:2px;border:1px solid #bbb;cursor:pointer;box-sizing:border-box}#onetrust-banner-sdk .ot-sdk-button:hover,#onetrust-banner-sdk :not(.ot-leg-btn-container)>button:not(.ot-link-btn):hover,#onetrust-banner-sdk :not(.ot-leg-btn-container)>button:not(.ot-link-btn):focus,#onetrust-pc-sdk .ot-sdk-button:hover,#onetrust-pc-sdk :not(.ot-leg-btn-container)>button:not(.ot-link-btn):hover,#onetrust-pc-sdk :not(.ot-leg-btn-container)>button:not(.ot-link-btn):focus,#ot-sdk-cookie-policy .ot-sdk-button:hover,#ot-sdk-cookie-policy :not(.ot-leg-btn-container)>button:not(.ot-link-btn):hover,#ot-sdk-cookie-policy :not(.ot-leg-btn-container)>button:not(.ot-link-btn):focus{color:#333;border-color:#888;opacity:0.7}#onetrust-banner-sdk .ot-sdk-button:focus,#onetrust-banner-sdk :not(.ot-leg-btn-container)>button:focus,#onetrust-pc-sdk .ot-sdk-button:focus,#onetrust-pc-sdk :not(.ot-leg-btn-container)>button:focus,#ot-sdk-cookie-policy .ot-sdk-button:focus,#ot-sdk-cookie-policy :not(.ot-leg-btn-container)>button:focus{outline:2px solid #000}#onetrust-banner-sdk .ot-sdk-button.ot-sdk-button-primary,#onetrust-banner-sdk button.ot-sdk-button-primary,#onetrust-banner-sdk input[type="submit"].ot-sdk-button-primary,#onetrust-banner-sdk input[type="reset"].ot-sdk-button-primary,#onetrust-banner-sdk input[type="button"].ot-sdk-button-primary,#onetrust-pc-sdk .ot-sdk-button.ot-sdk-button-primary,#onetrust-pc-sdk button.ot-sdk-button-primary,#onetrust-pc-sdk input[type="submit"].ot-sdk-button-primary,#onetrust-pc-sdk input[type="reset"].ot-sdk-button-primary,#onetrust-pc-sdk input[type="button"].ot-sdk-button-primary,#ot-sdk-cookie-policy .ot-sdk-button.ot-sdk-button-primary,#ot-sdk-cookie-policy button.ot-sdk-button-primary,#ot-sdk-cookie-policy input[type="submit"].ot-sdk-button-primary,#ot-sdk-cookie-policy input[type="reset"].ot-sdk-button-primary,#ot-sdk-cookie-policy input[type="button"].ot-sdk-button-primary{color:#fff;background-color:#33c3f0;border-color:#33c3f0}#onetrust-banner-sdk .ot-sdk-button.ot-sdk-button-primary:hover,#onetrust-banner-sdk button.ot-sdk-button-primary:hover,#onetrust-banner-sdk input[type="submit"].ot-sdk-button-primary:hover,#onetrust-banner-sdk input[type="reset"].ot-sdk-button-primary:hover,#onetrust-banner-sdk input[type="button"].ot-sdk-button-primary:hover,#onetrust-banner-sdk .ot-sdk-button.ot-sdk-button-primary:focus,#onetrust-banner-sdk button.ot-sdk-button-primary:focus,#onetrust-banner-sdk input[type="submit"].ot-sdk-button-primary:focus,#onetrust-banner-sdk input[type="reset"].ot-sdk-button-primary:focus,#onetrust-banner-sdk input[type="button"].ot-sdk-button-primary:focus,#onetrust-pc-sdk .ot-sdk-button.ot-sdk-button-primary:hover,#onetrust-pc-sdk button.ot-sdk-button-primary:hover,#onetrust-pc-sdk input[type="submit"].ot-sdk-button-primary:hover,#onetrust-pc-sdk input[type="reset"].ot-sdk-button-primary:hover,#onetrust-pc-sdk input[type="button"].ot-sdk-button-primary:hover,#onetrust-pc-sdk .ot-sdk-button.ot-sdk-button-primary:focus,#onetrust-pc-sdk button.ot-sdk-button-primary:focus,#onetrust-pc-sdk input[type="submit"].ot-sdk-button-primary:focus,#onetrust-pc-sdk input[type="reset"].ot-sdk-button-primary:focus,#onetrust-pc-sdk input[type="button"].ot-sdk-button-primary:focus,#ot-sdk-cookie-policy .ot-sdk-button.ot-sdk-button-primary:hover,#ot-sdk-cookie-policy button.ot-sdk-button-primary:hover,#ot-sdk-cookie-policy input[type="submit"].ot-sdk-button-primary:hover,#ot-sdk-cookie-policy input[type="reset"].ot-sdk-button-primary:hover,#ot-sdk-cookie-policy input[type="button"].ot-sdk-button-primary:hover,#ot-sdk-cookie-policy .ot-sdk-button.ot-sdk-button-primary:focus,#ot-sdk-cookie-policy button.ot-sdk-button-primary:focus,#ot-sdk-cookie-policy input[type="submit"].ot-sdk-button-primary:focus,#ot-sdk-cookie-policy input[type="reset"].ot-sdk-button-primary:focus,#ot-sdk-cookie-policy input[type="button"].ot-sdk-button-primary:focus{color:#fff;background-color:#1eaedb;border-color:#1eaedb}#onetrust-banner-sdk input[type="text"],#onetrust-pc-sdk input[type="text"],#ot-sdk-cookie-policy input[type="text"]{height:38px;padding:6px 10px;background-color:#fff;border:1px solid #d1d1d1;border-radius:4px;box-shadow:none;box-sizing:border-box}#onetrust-banner-sdk input[type="text"],#onetrust-pc-sdk input[type="text"],#ot-sdk-cookie-policy input[type="text"]{-webkit-appearance:none;-moz-appearance:none;appearance:none}#onetrust-banner-sdk input[type="text"]:focus,#onetrust-pc-sdk input[type="text"]:focus,#ot-sdk-cookie-policy input[type="text"]:focus{border:1px solid #000;outline:0}#onetrust-banner-sdk label,#onetrust-pc-sdk label,#ot-sdk-cookie-policy label{display:block;margin-bottom:0.5rem;font-weight:600}#onetrust-banner-sdk input[type="checkbox"],#onetrust-pc-sdk input[type="checkbox"],#ot-sdk-cookie-policy input[type="checkbox"]{display:inline}#onetrust-banner-sdk ul,#onetrust-pc-sdk ul,#ot-sdk-cookie-policy ul{list-style:circle inside}#onetrust-banner-sdk ul,#onetrust-pc-sdk ul,#ot-sdk-cookie-policy ul{padding-left:0;margin-top:0}#onetrust-banner-sdk ul ul,#onetrust-pc-sdk ul ul,#ot-sdk-cookie-policy ul ul{margin:1.5rem 0 1.5rem 3rem;font-size:90%}#onetrust-banner-sdk li,#onetrust-pc-sdk li,#ot-sdk-cookie-policy li{margin-bottom:1rem}#onetrust-banner-sdk th,#onetrust-banner-sdk td,#onetrust-pc-sdk th,#onetrust-pc-sdk td,#ot-sdk-cookie-policy th,#ot-sdk-cookie-policy td{padding:12px 15px;text-align:left;border-bottom:1px solid #e1e1e1}#onetrust-banner-sdk button,#onetrust-pc-sdk button,#ot-sdk-cookie-policy button{margin-bottom:1rem;font-family:inherit}#onetrust-banner-sdk .ot-sdk-container:after,#onetrust-banner-sdk .ot-sdk-row:after,#onetrust-pc-sdk .ot-sdk-container:after,#onetrust-pc-sdk .ot-sdk-row:after,#ot-sdk-cookie-policy .ot-sdk-container:after,#ot-sdk-cookie-policy .ot-sdk-row:after{content:"";display:table;clear:both}#onetrust-banner-sdk .ot-sdk-row,#onetrust-pc-sdk .ot-sdk-row,#ot-sdk-cookie-policy .ot-sdk-row{margin:0;max-width:none;display:block}
#onetrust-banner-sdk{box-shadow:0 0 18px rgba(0,0,0,.2)}#onetrust-banner-sdk.otFlat{position:fixed;z-index:2147483645;bottom:0;right:0;left:0;background-color:#fff;max-height:90%;overflow-x:hidden;overflow-y:auto}#onetrust-banner-sdk.otFlat.top{top:0px;bottom:auto}#onetrust-banner-sdk.otRelFont{font-size:1rem}#onetrust-banner-sdk>.ot-sdk-container{overflow:hidden}#onetrust-banner-sdk::-webkit-scrollbar{width:11px}#onetrust-banner-sdk::-webkit-scrollbar-thumb{border-radius:10px;background:#c1c1c1}#onetrust-banner-sdk{scrollbar-arrow-color:#c1c1c1;scrollbar-darkshadow-color:#c1c1c1;scrollbar-face-color:#c1c1c1;scrollbar-shadow-color:#c1c1c1}#onetrust-banner-sdk #onetrust-policy{margin:1.25em 0 .625em 2em;overflow:hidden}#onetrust-banner-sdk #onetrust-policy .ot-gv-list-handler{float:left;font-size:.82em;padding:0;margin-bottom:0;border:0;line-height:normal;height:auto;width:auto}#onetrust-banner-sdk #onetrust-policy-title{font-size:1.2em;line-height:1.3;margin-bottom:10px}#onetrust-banner-sdk #onetrust-policy-text{clear:both;text-align:left;font-size:.88em;line-height:1.4}#onetrust-banner-sdk #onetrust-policy-text *{font-size:inherit;line-height:inherit}#onetrust-banner-sdk #onetrust-policy-text a{font-weight:bold;margin-left:5px}#onetrust-banner-sdk #onetrust-policy-title,#onetrust-banner-sdk #onetrust-policy-text{color:dimgray;float:left}#onetrust-banner-sdk #onetrust-button-group-parent{min-height:1px;text-align:center}#onetrust-banner-sdk #onetrust-button-group{display:inline-block}#onetrust-banner-sdk #onetrust-accept-btn-handler,#onetrust-banner-sdk #onetrust-reject-all-handler,#onetrust-banner-sdk #onetrust-pc-btn-handler{background-color:#68b631;color:#fff;border-color:#68b631;margin-right:1em;min-width:125px;height:auto;white-space:normal;word-break:break-word;word-wrap:break-word;padding:12px 10px;line-height:1.2;font-size:.813em;font-weight:600}#onetrust-banner-sdk #onetrust-pc-btn-handler.cookie-setting-link{background-color:#fff;border:none;color:#68b631;text-decoration:underline;padding-left:0;padding-right:0}#onetrust-banner-sdk .onetrust-close-btn-ui{width:44px;height:44px;background-size:12px;border:none;position:relative;margin:auto;padding:0}#onetrust-banner-sdk .banner_logo{display:none}#onetrust-banner-sdk.ot-bnr-w-logo .ot-bnr-logo{position:absolute;top:50%;transform:translateY(-50%);left:0px}#onetrust-banner-sdk.ot-bnr-w-logo #onetrust-policy{margin-left:65px}#onetrust-banner-sdk .ot-b-addl-desc{clear:both;float:left;display:block}#onetrust-banner-sdk #banner-options{float:left;display:table;margin-right:0;margin-left:1em;width:calc(100% - 1em)}#onetrust-banner-sdk .banner-option-input{cursor:pointer;width:auto;height:auto;border:none;padding:0;padding-right:3px;margin:0 0 10px;font-size:.82em;line-height:1.4}#onetrust-banner-sdk .banner-option-input *{pointer-events:none;font-size:inherit;line-height:inherit}#onetrust-banner-sdk .banner-option-input[aria-expanded=true]~.banner-option-details{display:block;height:auto}#onetrust-banner-sdk .banner-option-input[aria-expanded=true] .ot-arrow-container{transform:rotate(90deg)}#onetrust-banner-sdk .banner-option{margin-bottom:12px;margin-left:0;border:none;float:left;padding:0}#onetrust-banner-sdk .banner-option:first-child{padding-left:2px}#onetrust-banner-sdk .banner-option:not(:first-child){padding:0;border:none}#onetrust-banner-sdk .banner-option-header{cursor:pointer;display:inline-block}#onetrust-banner-sdk .banner-option-header :first-child{color:dimgray;font-weight:bold;float:left}#onetrust-banner-sdk .banner-option-header .ot-arrow-container{display:inline-block;border-top:6px solid transparent;border-bottom:6px solid transparent;border-left:6px solid dimgray;margin-left:10px;vertical-align:middle}#onetrust-banner-sdk .banner-option-details{display:none;font-size:.83em;line-height:1.5;padding:10px 0px 5px 10px;margin-right:10px;height:0px}#onetrust-banner-sdk .banner-option-details *{font-size:inherit;line-height:inherit;color:dimgray}#onetrust-banner-sdk .ot-arrow-container,#onetrust-banner-sdk .banner-option-details{transition:all 300ms ease-in 0s;-webkit-transition:all 300ms ease-in 0s;-moz-transition:all 300ms ease-in 0s;-o-transition:all 300ms ease-in 0s}#onetrust-banner-sdk .ot-dpd-container{float:left}#onetrust-banner-sdk .ot-dpd-title{margin-bottom:10px}#onetrust-banner-sdk .ot-dpd-title,#onetrust-banner-sdk .ot-dpd-desc{font-size:.88em;line-height:1.4;color:dimgray}#onetrust-banner-sdk .ot-dpd-title *,#onetrust-banner-sdk .ot-dpd-desc *{font-size:inherit;line-height:inherit}#onetrust-banner-sdk.ot-iab-2 #onetrust-policy-text *{margin-bottom:0}#onetrust-banner-sdk.ot-iab-2 .onetrust-vendors-list-handler{display:block;margin-left:0;margin-top:5px;clear:both;margin-bottom:0;padding:0;border:0;height:auto;width:auto}#onetrust-banner-sdk.ot-iab-2 #onetrust-button-group button{display:block}#onetrust-banner-sdk.ot-close-btn-link{padding-top:25px}#onetrust-banner-sdk.ot-close-btn-link #onetrust-close-btn-container{top:15px;transform:none;right:15px}#onetrust-banner-sdk.ot-close-btn-link #onetrust-close-btn-container button{padding:0;white-space:pre-wrap;border:none;height:auto;line-height:1.5;text-decoration:underline;font-size:.69em}#onetrust-banner-sdk #onetrust-policy-text,#onetrust-banner-sdk .ot-dpd-desc,#onetrust-banner-sdk .ot-b-addl-desc{font-size:.813em;line-height:1.5}#onetrust-banner-sdk .ot-dpd-desc{margin-bottom:10px}#onetrust-banner-sdk .ot-dpd-desc>.ot-b-addl-desc{margin-top:10px;margin-bottom:10px;font-size:1em}@media only screen and (max-width: 425px){#onetrust-banner-sdk #onetrust-close-btn-container{position:absolute;top:6px;right:2px}#onetrust-banner-sdk #onetrust-policy{margin-left:0;margin-top:3em}#onetrust-banner-sdk #onetrust-button-group{display:block}#onetrust-banner-sdk #onetrust-accept-btn-handler,#onetrust-banner-sdk #onetrust-reject-all-handler,#onetrust-banner-sdk #onetrust-pc-btn-handler{width:100%}#onetrust-banner-sdk .onetrust-close-btn-ui{top:auto;transform:none}#onetrust-banner-sdk #onetrust-policy-title{display:inline;float:none}#onetrust-banner-sdk #banner-options{margin:0;padding:0;width:100%}}@media only screen and (min-width: 426px)and (max-width: 896px){#onetrust-banner-sdk #onetrust-close-btn-container{position:absolute;top:0;right:0}#onetrust-banner-sdk #onetrust-policy{margin-left:1em;margin-right:1em}#onetrust-banner-sdk .onetrust-close-btn-ui{top:10px;right:10px}#onetrust-banner-sdk:not(.ot-iab-2) #onetrust-group-container{width:95%}#onetrust-banner-sdk.ot-iab-2 #onetrust-group-container{width:100%}#onetrust-banner-sdk.ot-bnr-w-logo #onetrust-button-group-parent{padding-left:50px}#onetrust-banner-sdk #onetrust-button-group-parent{width:100%;position:relative;margin-left:0}#onetrust-banner-sdk #onetrust-button-group button{display:inline-block}#onetrust-banner-sdk #onetrust-button-group{margin-right:0;text-align:center}#onetrust-banner-sdk .has-reject-all-button #onetrust-pc-btn-handler{float:left}#onetrust-banner-sdk .has-reject-all-button #onetrust-reject-all-handler,#onetrust-banner-sdk .has-reject-all-button #onetrust-accept-btn-handler{float:right}#onetrust-banner-sdk .has-reject-all-button #onetrust-button-group{width:calc(100% - 2em);margin-right:0}#onetrust-banner-sdk .has-reject-all-button #onetrust-pc-btn-handler.cookie-setting-link{padding-left:0px;text-align:left}#onetrust-banner-sdk.ot-buttons-fw .ot-sdk-three button{width:100%;text-align:center}#onetrust-banner-sdk.ot-buttons-fw #onetrust-button-group-parent button{float:none}#onetrust-banner-sdk.ot-buttons-fw #onetrust-pc-btn-handler.cookie-setting-link{text-align:center}}@media only screen and (min-width: 550px){#onetrust-banner-sdk .banner-option:not(:first-child){border-left:1px solid #d8d8d8;padding-left:25px}}@media only screen and (min-width: 425px)and (max-width: 550px){#onetrust-banner-sdk.ot-iab-2 #onetrust-button-group,#onetrust-banner-sdk.ot-iab-2 #onetrust-policy,#onetrust-banner-sdk.ot-iab-2 .banner-option{width:100%}}@media only screen and (min-width: 769px){#onetrust-banner-sdk #onetrust-button-group{margin-right:30%}#onetrust-banner-sdk #banner-options{margin-left:2em;margin-right:5em;margin-bottom:1.25em;width:calc(100% - 7em)}}@media only screen and (min-width: 897px)and (max-width: 1023px){#onetrust-banner-sdk.vertical-align-content #onetrust-button-group-parent{position:absolute;top:50%;left:75%;transform:translateY(-50%)}#onetrust-banner-sdk #onetrust-close-btn-container{top:50%;margin:auto;transform:translate(-50%, -50%);position:absolute;padding:0;right:0}#onetrust-banner-sdk #onetrust-close-btn-container button{position:relative;margin:0;right:-22px;top:2px}}@media only screen and (min-width: 1024px){#onetrust-banner-sdk #onetrust-close-btn-container{top:50%;margin:auto;transform:translate(-50%, -50%);position:absolute;right:0}#onetrust-banner-sdk #onetrust-close-btn-container button{right:-12px}#onetrust-banner-sdk #onetrust-policy{margin-left:2em}#onetrust-banner-sdk.vertical-align-content #onetrust-button-group-parent{position:absolute;top:50%;left:60%;transform:translateY(-50%)}#onetrust-banner-sdk.ot-iab-2 #onetrust-policy-title{width:50%}#onetrust-banner-sdk.ot-iab-2 #onetrust-policy-text,#onetrust-banner-sdk.ot-iab-2 :not(.ot-dpd-desc)>.ot-b-addl-desc{margin-bottom:1em;width:50%;border-right:1px solid #d8d8d8;padding-right:1rem}#onetrust-banner-sdk.ot-iab-2 #onetrust-policy-text{margin-bottom:0;padding-bottom:1em}#onetrust-banner-sdk.ot-iab-2 :not(.ot-dpd-desc)>.ot-b-addl-desc{margin-bottom:0;padding-bottom:1em}#onetrust-banner-sdk.ot-iab-2 .ot-dpd-container{width:45%;padding-left:1rem;display:inline-block;float:none}#onetrust-banner-sdk.ot-iab-2 .ot-dpd-title{line-height:1.7}#onetrust-banner-sdk.ot-iab-2 #onetrust-button-group-parent{left:auto;right:4%;margin-left:0}#onetrust-banner-sdk.ot-iab-2 #onetrust-button-group button{display:block}#onetrust-banner-sdk:not(.ot-iab-2) #onetrust-button-group-parent{margin:auto;width:30%}#onetrust-banner-sdk:not(.ot-iab-2) #onetrust-group-container{width:60%}#onetrust-banner-sdk #onetrust-button-group{margin-right:auto}#onetrust-banner-sdk #onetrust-accept-btn-handler,#onetrust-banner-sdk #onetrust-reject-all-handler,#onetrust-banner-sdk #onetrust-pc-btn-handler{margin-top:1em}}@media only screen and (min-width: 890px){#onetrust-banner-sdk.ot-buttons-fw:not(.ot-iab-2) #onetrust-button-group-parent{padding-left:3%;padding-right:4%;margin-left:0}#onetrust-banner-sdk.ot-buttons-fw:not(.ot-iab-2) #onetrust-button-group{margin-right:0;margin-top:1.25em;width:100%}#onetrust-banner-sdk.ot-buttons-fw:not(.ot-iab-2) #onetrust-button-group button{width:100%;margin-bottom:5px;margin-top:5px}#onetrust-banner-sdk.ot-buttons-fw:not(.ot-iab-2) #onetrust-button-group button:last-of-type{margin-bottom:20px}}@media only screen and (min-width: 1280px){#onetrust-banner-sdk:not(.ot-iab-2) #onetrust-group-container{width:55%}#onetrust-banner-sdk:not(.ot-iab-2) #onetrust-button-group-parent{width:44%;padding-left:2%;padding-right:2%}#onetrust-banner-sdk:not(.ot-iab-2).vertical-align-content #onetrust-button-group-parent{position:absolute;left:55%}}
        #onetrust-consent-sdk #onetrust-banner-sdk {background-color: #FFFFFF;}
            #onetrust-consent-sdk #onetrust-policy-title,
                    #onetrust-consent-sdk #onetrust-policy-text,
                    #onetrust-consent-sdk .ot-b-addl-desc,
                    #onetrust-consent-sdk .ot-dpd-desc,
                    #onetrust-consent-sdk .ot-dpd-title,
                    #onetrust-consent-sdk #onetrust-policy-text *:not(.onetrust-vendors-list-handler),
                    #onetrust-consent-sdk .ot-dpd-desc *:not(.onetrust-vendors-list-handler),
                    #onetrust-consent-sdk #onetrust-banner-sdk #banner-options *,
                    #onetrust-banner-sdk .ot-cat-header {
                        color: #001919;
                    }
            #onetrust-consent-sdk #onetrust-banner-sdk .banner-option-details {
                    background-color: #E9E9E9;}
             #onetrust-consent-sdk #onetrust-banner-sdk a[href],
                    #onetrust-consent-sdk #onetrust-banner-sdk a[href] font,
                    #onetrust-consent-sdk #onetrust-banner-sdk .ot-link-btn
                        {
                            color: #3860BE;
                        }#onetrust-consent-sdk #onetrust-accept-btn-handler,
                         #onetrust-banner-sdk #onetrust-reject-all-handler {
                            background-color: #E0004D;border-color: #E0004D;
                color: #FFFFFF;
            }
            #onetrust-consent-sdk #onetrust-banner-sdk *:focus,
            #onetrust-consent-sdk #onetrust-banner-sdk:focus {
               outline-color: #000000;
               outline-width: 1px;
            }
            #onetrust-consent-sdk #onetrust-pc-btn-handler,
            #onetrust-consent-sdk #onetrust-pc-btn-handler.cookie-setting-link {
                color: #E0004D; border-color: #E0004D;
                background-color:
                #ffffff;
            }#onetrust-pc-sdk.otPcCenter{overflow:hidden;position:fixed;margin:0 auto;top:5%;right:0;left:0;width:40%;max-width:575px;min-width:575px;border-radius:2.5px;z-index:2147483647;background-color:#fff;-webkit-box-shadow:0px 2px 10px -3px #999;-moz-box-shadow:0px 2px 10px -3px #999;box-shadow:0px 2px 10px -3px #999}#onetrust-pc-sdk.otPcCenter[dir=rtl]{right:0;left:0}#onetrust-pc-sdk.otRelFont{font-size:1rem}#onetrust-pc-sdk #ot-addtl-venlst .ot-arw-cntr,#onetrust-pc-sdk #ot-addtl-venlst .ot-plus-minus,#onetrust-pc-sdk .ot-hide-tgl{visibility:hidden}#onetrust-pc-sdk #ot-addtl-venlst .ot-arw-cntr *,#onetrust-pc-sdk #ot-addtl-venlst .ot-plus-minus *,#onetrust-pc-sdk .ot-hide-tgl *{visibility:hidden}#onetrust-pc-sdk #ot-gn-venlst .ot-ven-item .ot-acc-hdr{min-height:40px}#onetrust-pc-sdk .ot-pc-header{height:39px;padding:10px 0 10px 30px;border-bottom:1px solid #e9e9e9}#onetrust-pc-sdk #ot-pc-title,#onetrust-pc-sdk #ot-category-title,#onetrust-pc-sdk .ot-cat-header,#onetrust-pc-sdk #ot-lst-title,#onetrust-pc-sdk .ot-ven-hdr .ot-ven-name,#onetrust-pc-sdk .ot-always-active{font-weight:bold;color:dimgray}#onetrust-pc-sdk .ot-always-active-group .ot-cat-header{width:55%;font-weight:700}#onetrust-pc-sdk .ot-cat-item p{clear:both;float:left;margin-top:10px;margin-bottom:5px;line-height:1.5;font-size:.812em;color:dimgray}#onetrust-pc-sdk .ot-close-icon{height:44px;width:44px;background-size:10px}#onetrust-pc-sdk #ot-pc-title{float:left;font-size:1em;line-height:1.5;margin-bottom:10px;margin-top:10px;width:100%}#onetrust-pc-sdk #accept-recommended-btn-handler{margin-right:10px;margin-bottom:25px;outline-offset:-1px}#onetrust-pc-sdk #ot-pc-desc{clear:both;width:100%;font-size:.812em;line-height:1.5;margin-bottom:25px}#onetrust-pc-sdk #ot-pc-desc a{margin-left:5px}#onetrust-pc-sdk #ot-pc-desc *{font-size:inherit;line-height:inherit}#onetrust-pc-sdk #ot-pc-desc ul li{padding:10px 0px}#onetrust-pc-sdk a{color:#656565;cursor:pointer}#onetrust-pc-sdk a:hover{color:#3860be}#onetrust-pc-sdk label{margin-bottom:0}#onetrust-pc-sdk #vdr-lst-dsc{font-size:.812em;line-height:1.5;padding:10px 15px 5px 15px}#onetrust-pc-sdk button{max-width:394px;padding:12px 30px;line-height:1;word-break:break-word;word-wrap:break-word;white-space:normal;font-weight:bold;height:auto}#onetrust-pc-sdk .ot-link-btn{padding:0;margin-bottom:0;border:0;font-weight:normal;line-height:normal;width:auto;height:auto}#onetrust-pc-sdk #ot-pc-content{position:absolute;overflow-y:scroll;padding-left:0px;padding-right:30px;top:60px;bottom:110px;margin:1px 3px 0 30px;width:calc(100% - 63px)}#onetrust-pc-sdk .ot-vs-list .ot-always-active,#onetrust-pc-sdk .ot-cat-grp .ot-always-active{float:right;clear:none;color:#3860be;margin:0;font-size:.813em;line-height:1.3}#onetrust-pc-sdk .ot-pc-scrollbar::-webkit-scrollbar-track{margin-right:20px}#onetrust-pc-sdk .ot-pc-scrollbar::-webkit-scrollbar{width:11px}#onetrust-pc-sdk .ot-pc-scrollbar::-webkit-scrollbar-thumb{border-radius:10px;background:#d8d8d8}#onetrust-pc-sdk input[type=checkbox]:focus+.ot-acc-hdr{outline:#000 1px solid}#onetrust-pc-sdk .ot-pc-scrollbar{scrollbar-arrow-color:#d8d8d8;scrollbar-darkshadow-color:#d8d8d8;scrollbar-face-color:#d8d8d8;scrollbar-shadow-color:#d8d8d8}#onetrust-pc-sdk .save-preference-btn-handler{margin-right:20px}#onetrust-pc-sdk .ot-pc-refuse-all-handler{margin-right:10px}#onetrust-pc-sdk #ot-pc-desc .privacy-notice-link{margin-left:0;margin-right:8px}#onetrust-pc-sdk #ot-pc-desc .ot-imprint-handler{margin-left:0;margin-right:8px}#onetrust-pc-sdk .ot-subgrp-cntr{display:inline-block;clear:both;width:100%;padding-top:15px}#onetrust-pc-sdk .ot-switch+.ot-subgrp-cntr{padding-top:10px}#onetrust-pc-sdk ul.ot-subgrps{margin:0;font-size:initial}#onetrust-pc-sdk ul.ot-subgrps li p,#onetrust-pc-sdk ul.ot-subgrps li h5{font-size:.813em;line-height:1.4;color:dimgray}#onetrust-pc-sdk ul.ot-subgrps .ot-switch{min-height:auto}#onetrust-pc-sdk ul.ot-subgrps .ot-switch-nob{top:0}#onetrust-pc-sdk ul.ot-subgrps .ot-acc-hdr{display:inline-block;width:100%}#onetrust-pc-sdk ul.ot-subgrps .ot-acc-txt{margin:0}#onetrust-pc-sdk ul.ot-subgrps li{padding:0;border:none}#onetrust-pc-sdk ul.ot-subgrps li h5{position:relative;top:5px;font-weight:bold;margin-bottom:0;float:left}#onetrust-pc-sdk li.ot-subgrp{margin-left:20px;overflow:auto}#onetrust-pc-sdk li.ot-subgrp>h5{width:calc(100% - 100px)}#onetrust-pc-sdk .ot-cat-item p>ul,#onetrust-pc-sdk li.ot-subgrp p>ul{margin:0px;list-style:disc;margin-left:15px;font-size:inherit}#onetrust-pc-sdk .ot-cat-item p>ul li,#onetrust-pc-sdk li.ot-subgrp p>ul li{font-size:inherit;padding-top:10px;padding-left:0px;padding-right:0px;border:none}#onetrust-pc-sdk .ot-cat-item p>ul li:last-child,#onetrust-pc-sdk li.ot-subgrp p>ul li:last-child{padding-bottom:10px}#onetrust-pc-sdk .ot-pc-logo{height:40px;width:120px}#onetrust-pc-sdk .ot-pc-footer{position:absolute;bottom:0px;width:100%;max-height:160px;border-top:1px solid #d8d8d8}#onetrust-pc-sdk.ot-ftr-stacked .ot-pc-refuse-all-handler{margin-bottom:0px}#onetrust-pc-sdk.ot-ftr-stacked #ot-pc-content{bottom:160px}#onetrust-pc-sdk.ot-ftr-stacked .ot-pc-footer button{width:100%;max-width:none}#onetrust-pc-sdk.ot-ftr-stacked .ot-btn-container{margin:0 30px;width:calc(100% - 60px);padding-right:0}#onetrust-pc-sdk .ot-pc-footer-logo{height:30px;width:100%;text-align:right;background:#f4f4f4}#onetrust-pc-sdk .ot-pc-footer-logo a{display:inline-block;margin-top:5px;margin-right:10px}#onetrust-pc-sdk[dir=rtl] .ot-pc-footer-logo{direction:rtl}#onetrust-pc-sdk[dir=rtl] .ot-pc-footer-logo a{margin-right:25px}#onetrust-pc-sdk .ot-tgl{float:right;position:relative;z-index:1}#onetrust-pc-sdk .ot-tgl input:checked+.ot-switch .ot-switch-nob{background-color:#cddcf2;border:1px solid #3860be}#onetrust-pc-sdk .ot-tgl input:checked+.ot-switch .ot-switch-nob:before{-webkit-transform:translateX(20px);-ms-transform:translateX(20px);transform:translateX(20px);background-color:#3860be;border-color:#3860be}#onetrust-pc-sdk .ot-tgl input:focus+.ot-switch{outline:#000 solid 1px}#onetrust-pc-sdk .ot-switch{position:relative;display:inline-block;width:45px;height:25px}#onetrust-pc-sdk .ot-switch-nob{position:absolute;cursor:pointer;top:0;left:0;right:0;bottom:0;background-color:#f2f1f1;border:1px solid #ddd;transition:all .2s ease-in 0s;-moz-transition:all .2s ease-in 0s;-o-transition:all .2s ease-in 0s;-webkit-transition:all .2s ease-in 0s;border-radius:20px}#onetrust-pc-sdk .ot-switch-nob:before{position:absolute;content:"";height:21px;width:21px;bottom:1px;background-color:#7d7d7d;-webkit-transition:.4s;transition:.4s;border-radius:20px}#onetrust-pc-sdk .ot-chkbox input:checked~label::before{background-color:#3860be}#onetrust-pc-sdk .ot-chkbox input+label::after{content:none;color:#fff}#onetrust-pc-sdk .ot-chkbox input:checked+label::after{content:""}#onetrust-pc-sdk .ot-chkbox input:focus+label::before{outline-style:solid;outline-width:2px;outline-style:auto}#onetrust-pc-sdk .ot-chkbox label{position:relative;display:inline-block;padding-left:30px;cursor:pointer;font-weight:500}#onetrust-pc-sdk .ot-chkbox label::before,#onetrust-pc-sdk .ot-chkbox label::after{position:absolute;content:"";display:inline-block;border-radius:3px}#onetrust-pc-sdk .ot-chkbox label::before{height:18px;width:18px;border:1px solid #3860be;left:0px;top:auto}#onetrust-pc-sdk .ot-chkbox label::after{height:5px;width:9px;border-left:3px solid;border-bottom:3px solid;transform:rotate(-45deg);-o-transform:rotate(-45deg);-ms-transform:rotate(-45deg);-webkit-transform:rotate(-45deg);left:4px;top:5px}#onetrust-pc-sdk .ot-label-txt{display:none}#onetrust-pc-sdk .ot-chkbox input,#onetrust-pc-sdk .ot-tgl input{position:absolute;opacity:0;width:0;height:0}#onetrust-pc-sdk .ot-arw-cntr{float:right;position:relative;pointer-events:none}#onetrust-pc-sdk .ot-arw-cntr .ot-arw{width:16px;height:16px;margin-left:5px;color:dimgray;display:inline-block;vertical-align:middle;-webkit-transition:all 150ms ease-in 0s;-moz-transition:all 150ms ease-in 0s;-o-transition:all 150ms ease-in 0s;transition:all 150ms ease-in 0s}#onetrust-pc-sdk input:checked~.ot-acc-hdr .ot-arw,#onetrust-pc-sdk button[aria-expanded=true]~.ot-acc-hdr .ot-arw-cntr svg{transform:rotate(90deg);-o-transform:rotate(90deg);-ms-transform:rotate(90deg);-webkit-transform:rotate(90deg)}#onetrust-pc-sdk input[type=checkbox]:focus+.ot-acc-hdr{outline:#000 1px solid}#onetrust-pc-sdk .ot-tgl-cntr,#onetrust-pc-sdk .ot-arw-cntr{display:inline-block}#onetrust-pc-sdk .ot-tgl-cntr{width:45px;float:right;margin-top:2px}#onetrust-pc-sdk #ot-lst-cnt .ot-tgl-cntr{margin-top:10px}#onetrust-pc-sdk .ot-always-active-subgroup{width:auto;padding-left:0px !important;top:3px;position:relative}#onetrust-pc-sdk .ot-label-status{padding-left:5px;font-size:.75em;display:none}#onetrust-pc-sdk .ot-arw-cntr{margin-top:-1px}#onetrust-pc-sdk .ot-arw-cntr svg{-webkit-transition:all 300ms ease-in 0s;-moz-transition:all 300ms ease-in 0s;-o-transition:all 300ms ease-in 0s;transition:all 300ms ease-in 0s;height:10px;width:10px}#onetrust-pc-sdk input:checked~.ot-acc-hdr .ot-arw{transform:rotate(90deg);-o-transform:rotate(90deg);-ms-transform:rotate(90deg);-webkit-transform:rotate(90deg)}#onetrust-pc-sdk .ot-arw{width:10px;margin-left:15px;transition:all 300ms ease-in 0s;-webkit-transition:all 300ms ease-in 0s;-moz-transition:all 300ms ease-in 0s;-o-transition:all 300ms ease-in 0s}#onetrust-pc-sdk .ot-vlst-cntr{margin-bottom:0}#onetrust-pc-sdk .ot-hlst-cntr{margin-top:5px;display:inline-block;width:100%}#onetrust-pc-sdk .category-vendors-list-handler,#onetrust-pc-sdk .category-vendors-list-handler+a,#onetrust-pc-sdk .category-host-list-handler{clear:both;color:#3860be;margin-left:0;font-size:.813em;text-decoration:none;float:left;overflow:hidden}#onetrust-pc-sdk .category-vendors-list-handler:hover,#onetrust-pc-sdk .category-vendors-list-handler+a:hover,#onetrust-pc-sdk .category-host-list-handler:hover{text-decoration-line:underline}#onetrust-pc-sdk .category-vendors-list-handler+a{clear:none}#onetrust-pc-sdk .ot-vlst-cntr .ot-ext-lnk{display:inline-block;height:13px;width:13px;background-repeat:no-repeat;margin-left:1px;margin-top:6px;cursor:pointer}#onetrust-pc-sdk .back-btn-handler{font-size:1em;text-decoration:none}#onetrust-pc-sdk .back-btn-handler:hover{opacity:.6}#onetrust-pc-sdk #ot-lst-title h3{display:inline-block;word-break:break-word;word-wrap:break-word;margin-bottom:0;color:#656565;font-size:1em;font-weight:bold;margin-left:15px}#onetrust-pc-sdk #ot-lst-title{margin:10px 0 10px 0px;font-size:1em;text-align:left}#onetrust-pc-sdk #ot-pc-hdr{margin:0 0 0 30px;height:auto;width:auto}#onetrust-pc-sdk #ot-pc-hdr input::placeholder{color:#d4d4d4;font-style:italic}#onetrust-pc-sdk #vendor-search-handler{height:31px;width:100%;border-radius:50px;font-size:.8em;padding-right:35px;padding-left:15px;float:left;margin-left:15px}#onetrust-pc-sdk .ot-ven-name{display:block;width:auto;padding-right:5px}#onetrust-pc-sdk #ot-lst-cnt{overflow-y:auto;margin-left:20px;margin-right:7px;width:calc(100% - 27px);max-height:calc(100% - 80px);height:100%;transform:translate3d(0, 0, 0)}#onetrust-pc-sdk #ot-pc-lst{width:100%;bottom:100px;position:absolute;top:60px}#onetrust-pc-sdk #ot-pc-lst:not(.ot-enbl-chr) .ot-tgl-cntr .ot-arw-cntr,#onetrust-pc-sdk #ot-pc-lst:not(.ot-enbl-chr) .ot-tgl-cntr .ot-arw-cntr *{visibility:hidden}#onetrust-pc-sdk #ot-pc-lst .ot-tgl-cntr{right:12px;position:absolute}#onetrust-pc-sdk #ot-pc-lst .ot-arw-cntr{float:right;position:relative}#onetrust-pc-sdk #ot-pc-lst .ot-arw{margin-left:10px}#onetrust-pc-sdk #ot-pc-lst .ot-acc-hdr{overflow:hidden;cursor:pointer}#onetrust-pc-sdk .ot-vlst-cntr{overflow:hidden}#onetrust-pc-sdk #ot-sel-blk{overflow:hidden;width:100%;position:sticky;position:-webkit-sticky;top:0;z-index:3}#onetrust-pc-sdk #ot-back-arw{height:12px;width:12px}#onetrust-pc-sdk .ot-lst-subhdr{width:100%;display:inline-block}#onetrust-pc-sdk .ot-search-cntr{float:left;width:78%;position:relative}#onetrust-pc-sdk .ot-search-cntr>svg{width:30px;height:30px;position:absolute;float:left;right:-15px}#onetrust-pc-sdk .ot-fltr-cntr{float:right;right:50px;position:relative}#onetrust-pc-sdk #filter-btn-handler{background-color:#3860be;border-radius:17px;display:inline-block;position:relative;width:32px;height:32px;-moz-transition:.1s ease;-o-transition:.1s ease;-webkit-transition:1s ease;transition:.1s ease;padding:0;margin:0}#onetrust-pc-sdk #filter-btn-handler:hover{background-color:#3860be}#onetrust-pc-sdk #filter-btn-handler svg{width:12px;height:12px;margin:3px 10px 0 10px;display:block;position:static;right:auto;top:auto}#onetrust-pc-sdk .ot-ven-link{color:#3860be;text-decoration:none;font-weight:100;display:inline-block;padding-top:10px;transform:translate(0, 1%);-o-transform:translate(0, 1%);-ms-transform:translate(0, 1%);-webkit-transform:translate(0, 1%);position:relative;z-index:2}#onetrust-pc-sdk .ot-ven-link *{font-size:inherit}#onetrust-pc-sdk .ot-ven-link:hover{text-decoration:underline}#onetrust-pc-sdk .ot-ven-hdr{width:calc(100% - 160px);height:auto;float:left;word-break:break-word;word-wrap:break-word;vertical-align:middle;padding-bottom:3px}#onetrust-pc-sdk .ot-ven-link{letter-spacing:.03em;font-size:.75em;font-weight:400}#onetrust-pc-sdk .ot-ven-dets{border-radius:2px;background-color:#f8f8f8}#onetrust-pc-sdk .ot-ven-dets li:first-child p:first-child{border-top:none}#onetrust-pc-sdk .ot-ven-dets .ot-ven-disc:not(:first-child){border-top:1px solid #ddd !important}#onetrust-pc-sdk .ot-ven-dets .ot-ven-disc:nth-child(n+3) p{display:inline-block}#onetrust-pc-sdk .ot-ven-dets .ot-ven-disc:nth-child(n+3) p:nth-of-type(odd){width:30%}#onetrust-pc-sdk .ot-ven-dets .ot-ven-disc:nth-child(n+3) p:nth-of-type(even){width:50%;word-break:break-word;word-wrap:break-word}#onetrust-pc-sdk .ot-ven-dets .ot-ven-disc p,#onetrust-pc-sdk .ot-ven-dets .ot-ven-disc h4{padding-top:5px;padding-bottom:5px;display:block}#onetrust-pc-sdk .ot-ven-dets .ot-ven-disc h4{display:inline-block}#onetrust-pc-sdk .ot-ven-dets .ot-ven-disc p:nth-last-child(-n+1){padding-bottom:10px}#onetrust-pc-sdk .ot-ven-dets .ot-ven-disc p:nth-child(-n+2):not(.disc-pur){padding-top:10px}#onetrust-pc-sdk .ot-ven-dets .ot-ven-disc .disc-pur-cont{display:inline}#onetrust-pc-sdk .ot-ven-dets .ot-ven-disc .disc-pur{position:relative;width:50% !important;word-break:break-word;word-wrap:break-word;left:calc(30% + 17px)}#onetrust-pc-sdk .ot-ven-dets .ot-ven-disc .disc-pur:nth-child(-n+1){position:static}#onetrust-pc-sdk .ot-ven-dets p,#onetrust-pc-sdk .ot-ven-dets h4,#onetrust-pc-sdk .ot-ven-dets span{font-size:.69em;text-align:left;vertical-align:middle;word-break:break-word;word-wrap:break-word;margin:0;padding-bottom:10px;padding-left:15px;color:#2e3644}#onetrust-pc-sdk .ot-ven-dets h4{padding-top:5px}#onetrust-pc-sdk .ot-ven-dets span{color:dimgray;padding:0;vertical-align:baseline}#onetrust-pc-sdk .ot-ven-dets .ot-ven-pur h4{border-top:1px solid #e9e9e9;border-bottom:1px solid #e9e9e9;padding-bottom:5px;margin-bottom:5px;font-weight:bold}#onetrust-pc-sdk #ot-host-lst .ot-sel-all{float:right;position:relative;margin-right:42px;top:10px}#onetrust-pc-sdk #ot-host-lst .ot-sel-all input[type=checkbox]{width:auto;height:auto}#onetrust-pc-sdk #ot-host-lst .ot-sel-all label{height:20px;width:20px;padding-left:0px}#onetrust-pc-sdk #ot-host-lst .ot-acc-txt{overflow:hidden;width:95%}#onetrust-pc-sdk .ot-host-hdr{position:relative;z-index:1;pointer-events:none;width:calc(100% - 125px);float:left}#onetrust-pc-sdk .ot-host-name,#onetrust-pc-sdk .ot-host-desc{display:inline-block;width:90%}#onetrust-pc-sdk .ot-host-name{pointer-events:none}#onetrust-pc-sdk .ot-host-hdr>a{text-decoration:underline;font-size:.82em;position:relative;z-index:2;float:left;margin-bottom:5px;pointer-events:initial}#onetrust-pc-sdk .ot-host-name+a{margin-top:5px}#onetrust-pc-sdk .ot-host-name,#onetrust-pc-sdk .ot-host-name a,#onetrust-pc-sdk .ot-host-desc,#onetrust-pc-sdk .ot-host-info{color:dimgray;word-break:break-word;word-wrap:break-word}#onetrust-pc-sdk .ot-host-name,#onetrust-pc-sdk .ot-host-name a{font-weight:bold;font-size:.82em;line-height:1.3}#onetrust-pc-sdk .ot-host-name a{font-size:1em}#onetrust-pc-sdk .ot-host-expand{margin-top:3px;margin-bottom:3px;clear:both;display:block;color:#3860be;font-size:.72em;font-weight:normal}#onetrust-pc-sdk .ot-host-expand *{font-size:inherit}#onetrust-pc-sdk .ot-host-desc,#onetrust-pc-sdk .ot-host-info{font-size:.688em;line-height:1.4;font-weight:normal}#onetrust-pc-sdk .ot-host-desc{margin-top:10px}#onetrust-pc-sdk .ot-host-opt{margin:0;font-size:inherit;display:inline-block;width:100%}#onetrust-pc-sdk .ot-host-opt li>div div{font-size:.8em;padding:5px 0}#onetrust-pc-sdk .ot-host-opt li>div div:nth-child(1){width:30%;float:left}#onetrust-pc-sdk .ot-host-opt li>div div:nth-child(2){width:70%;float:left;word-break:break-word;word-wrap:break-word}#onetrust-pc-sdk .ot-host-info{border:none;display:inline-block;width:calc(100% - 10px);padding:10px;margin-bottom:10px;background-color:#f8f8f8}#onetrust-pc-sdk .ot-host-info>div{overflow:auto}#onetrust-pc-sdk #no-results{text-align:center;margin-top:30px}#onetrust-pc-sdk #no-results p{font-size:1em;color:#2e3644;word-break:break-word;word-wrap:break-word}#onetrust-pc-sdk #no-results p span{font-weight:bold}#onetrust-pc-sdk #ot-fltr-modal{width:100%;height:auto;display:none;-moz-transition:.2s ease;-o-transition:.2s ease;-webkit-transition:2s ease;transition:.2s ease;overflow:hidden;opacity:1;right:0}#onetrust-pc-sdk #ot-fltr-modal .ot-label-txt{display:inline-block;font-size:.85em;color:dimgray}#onetrust-pc-sdk #ot-fltr-cnt{z-index:2147483646;background-color:#fff;position:absolute;height:90%;max-height:300px;width:325px;left:210px;margin-top:10px;margin-bottom:20px;padding-right:10px;border-radius:3px;-webkit-box-shadow:0px 0px 12px 2px #c7c5c7;-moz-box-shadow:0px 0px 12px 2px #c7c5c7;box-shadow:0px 0px 12px 2px #c7c5c7}#onetrust-pc-sdk .ot-fltr-scrlcnt{overflow-y:auto;overflow-x:hidden;clear:both;max-height:calc(100% - 60px)}#onetrust-pc-sdk #ot-anchor{border:12px solid transparent;display:none;position:absolute;z-index:2147483647;right:55px;top:75px;transform:rotate(45deg);-o-transform:rotate(45deg);-ms-transform:rotate(45deg);-webkit-transform:rotate(45deg);background-color:#fff;-webkit-box-shadow:-3px -3px 5px -2px #c7c5c7;-moz-box-shadow:-3px -3px 5px -2px #c7c5c7;box-shadow:-3px -3px 5px -2px #c7c5c7}#onetrust-pc-sdk .ot-fltr-btns{margin-left:15px}#onetrust-pc-sdk #filter-apply-handler{margin-right:15px}#onetrust-pc-sdk .ot-fltr-opt{margin-bottom:25px;margin-left:15px;width:75%;position:relative}#onetrust-pc-sdk .ot-fltr-opt p{display:inline-block;margin:0;font-size:.9em;color:#2e3644}#onetrust-pc-sdk .ot-chkbox label span{font-size:.85em;color:dimgray}#onetrust-pc-sdk .ot-chkbox input[type=checkbox]+label::after{content:none;color:#fff}#onetrust-pc-sdk .ot-chkbox input[type=checkbox]:checked+label::after{content:""}#onetrust-pc-sdk .ot-chkbox input[type=checkbox]:focus+label::before{outline-style:solid;outline-width:2px;outline-style:auto}#onetrust-pc-sdk #ot-selall-vencntr,#onetrust-pc-sdk #ot-selall-adtlvencntr,#onetrust-pc-sdk #ot-selall-hostcntr,#onetrust-pc-sdk #ot-selall-licntr,#onetrust-pc-sdk #ot-selall-gnvencntr{right:15px;position:relative;width:20px;height:20px;float:right}#onetrust-pc-sdk #ot-selall-vencntr label,#onetrust-pc-sdk #ot-selall-adtlvencntr label,#onetrust-pc-sdk #ot-selall-hostcntr label,#onetrust-pc-sdk #ot-selall-licntr label,#onetrust-pc-sdk #ot-selall-gnvencntr label{float:left;padding-left:0}#onetrust-pc-sdk #ot-ven-lst:first-child{border-top:1px solid #e2e2e2}#onetrust-pc-sdk ul{list-style:none;padding:0}#onetrust-pc-sdk ul li{position:relative;margin:0;padding:15px 15px 15px 10px;border-bottom:1px solid #e2e2e2}#onetrust-pc-sdk ul li h3{font-size:.75em;color:#656565;margin:0;display:inline-block;width:70%;height:auto;word-break:break-word;word-wrap:break-word}#onetrust-pc-sdk ul li p{margin:0;font-size:.7em}#onetrust-pc-sdk ul li input[type=checkbox]{position:absolute;cursor:pointer;width:100%;height:100%;opacity:0;margin:0;top:0;left:0}#onetrust-pc-sdk .ot-cat-item>button:focus,#onetrust-pc-sdk .ot-acc-cntr>button:focus,#onetrust-pc-sdk li>button:focus{outline:#000 solid 2px}#onetrust-pc-sdk .ot-cat-item>button,#onetrust-pc-sdk .ot-acc-cntr>button,#onetrust-pc-sdk li>button{position:absolute;cursor:pointer;width:100%;height:100%;margin:0;top:0;left:0;z-index:1;max-width:none;border:none}#onetrust-pc-sdk .ot-cat-item>button[aria-expanded=false]~.ot-acc-txt,#onetrust-pc-sdk .ot-acc-cntr>button[aria-expanded=false]~.ot-acc-txt,#onetrust-pc-sdk li>button[aria-expanded=false]~.ot-acc-txt{margin-top:0;max-height:0;opacity:0;overflow:hidden;width:100%;transition:.25s ease-out;display:none}#onetrust-pc-sdk .ot-cat-item>button[aria-expanded=true]~.ot-acc-txt,#onetrust-pc-sdk .ot-acc-cntr>button[aria-expanded=true]~.ot-acc-txt,#onetrust-pc-sdk li>button[aria-expanded=true]~.ot-acc-txt{transition:.1s ease-in;margin-top:10px;width:100%;overflow:auto;display:block}#onetrust-pc-sdk .ot-cat-item>button[aria-expanded=true]~.ot-acc-grpcntr,#onetrust-pc-sdk .ot-acc-cntr>button[aria-expanded=true]~.ot-acc-grpcntr,#onetrust-pc-sdk li>button[aria-expanded=true]~.ot-acc-grpcntr{width:auto;margin-top:0px;padding-bottom:10px}#onetrust-pc-sdk .ot-host-item>button:focus,#onetrust-pc-sdk .ot-ven-item>button:focus{outline:0;border:2px solid #000}#onetrust-pc-sdk .ot-hide-acc>button{pointer-events:none}#onetrust-pc-sdk .ot-hide-acc .ot-plus-minus>*,#onetrust-pc-sdk .ot-hide-acc .ot-arw-cntr>*{visibility:hidden}#onetrust-pc-sdk .ot-hide-acc .ot-acc-hdr{min-height:30px}#onetrust-pc-sdk.ot-addtl-vendors #ot-lst-cnt:not(.ot-host-cnt){padding-right:10px;width:calc(100% - 37px);margin-top:10px;max-height:calc(100% - 90px)}#onetrust-pc-sdk.ot-addtl-vendors #ot-lst-cnt:not(.ot-host-cnt) #ot-sel-blk{background-color:#f9f9fc;border:1px solid #e2e2e2;width:calc(100% - 2px);padding-bottom:5px;padding-top:5px}#onetrust-pc-sdk.ot-addtl-vendors #ot-lst-cnt:not(.ot-host-cnt) #ot-sel-blk.ot-vnd-list-cnt{border:unset;background-color:unset}#onetrust-pc-sdk.ot-addtl-vendors #ot-lst-cnt:not(.ot-host-cnt) #ot-sel-blk.ot-vnd-list-cnt .ot-sel-all-hdr{display:none}#onetrust-pc-sdk.ot-addtl-vendors #ot-lst-cnt:not(.ot-host-cnt) #ot-sel-blk.ot-vnd-list-cnt .ot-sel-all{padding-right:.5rem}#onetrust-pc-sdk.ot-addtl-vendors #ot-lst-cnt:not(.ot-host-cnt) #ot-sel-blk.ot-vnd-list-cnt .ot-sel-all .ot-chkbox{right:0}#onetrust-pc-sdk.ot-addtl-vendors #ot-lst-cnt:not(.ot-host-cnt) .ot-sel-all{padding-right:34px}#onetrust-pc-sdk.ot-addtl-vendors #ot-lst-cnt:not(.ot-host-cnt) .ot-sel-all-chkbox{width:auto}#onetrust-pc-sdk.ot-addtl-vendors #ot-lst-cnt:not(.ot-host-cnt) ul li{border:1px solid #e2e2e2;margin-bottom:10px}#onetrust-pc-sdk.ot-addtl-vendors #ot-lst-cnt:not(.ot-host-cnt) .ot-acc-cntr>.ot-acc-hdr{padding:10px 0 10px 15px}#onetrust-pc-sdk.ot-addtl-vendors .ot-sel-all-chkbox{float:right}#onetrust-pc-sdk.ot-addtl-vendors .ot-plus-minus~.ot-sel-all-chkbox{right:34px}#onetrust-pc-sdk.ot-addtl-vendors #ot-ven-lst:first-child{border-top:none}#onetrust-pc-sdk .ot-acc-cntr{position:relative;border-left:1px solid #e2e2e2;border-right:1px solid #e2e2e2;border-bottom:1px solid #e2e2e2}#onetrust-pc-sdk .ot-acc-cntr input{z-index:1}#onetrust-pc-sdk .ot-acc-cntr>.ot-acc-hdr{background-color:#f9f9fc;padding:5px 0 5px 15px;width:auto}#onetrust-pc-sdk .ot-acc-cntr>.ot-acc-hdr .ot-plus-minus{vertical-align:middle;top:auto}#onetrust-pc-sdk .ot-acc-cntr>.ot-acc-hdr .ot-arw-cntr{right:10px}#onetrust-pc-sdk .ot-acc-cntr>.ot-acc-hdr input{z-index:2}#onetrust-pc-sdk .ot-acc-cntr>input[type=checkbox]:checked~.ot-acc-hdr{border-bottom:1px solid #e2e2e2}#onetrust-pc-sdk .ot-acc-cntr>.ot-acc-txt{padding-left:10px;padding-right:10px}#onetrust-pc-sdk .ot-acc-cntr button[aria-expanded=true]~.ot-acc-txt{width:auto}#onetrust-pc-sdk .ot-acc-cntr .ot-addtl-venbox{display:none}#onetrust-pc-sdk .ot-vlst-cntr{margin-bottom:0;width:100%}#onetrust-pc-sdk .ot-vensec-title{font-size:.813em;vertical-align:middle;display:inline-block}#onetrust-pc-sdk .category-vendors-list-handler,#onetrust-pc-sdk .category-vendors-list-handler+a{margin-left:0;margin-top:10px}#onetrust-pc-sdk #ot-selall-vencntr.line-through label::after,#onetrust-pc-sdk #ot-selall-adtlvencntr.line-through label::after,#onetrust-pc-sdk #ot-selall-licntr.line-through label::after,#onetrust-pc-sdk #ot-selall-hostcntr.line-through label::after,#onetrust-pc-sdk #ot-selall-gnvencntr.line-through label::after{height:auto;border-left:0;transform:none;-o-transform:none;-ms-transform:none;-webkit-transform:none;left:5px;top:9px}#onetrust-pc-sdk #ot-category-title{float:left;padding-bottom:10px;font-size:1em;width:100%}#onetrust-pc-sdk .ot-cat-grp{margin-top:10px}#onetrust-pc-sdk .ot-cat-item{line-height:1.1;margin-top:10px;display:inline-block;width:100%}#onetrust-pc-sdk .ot-btn-container{text-align:right}#onetrust-pc-sdk .ot-btn-container button{display:inline-block;font-size:.75em;letter-spacing:.08em;margin-top:19px}#onetrust-pc-sdk #close-pc-btn-handler.ot-close-icon{position:absolute;top:10px;right:0;z-index:1;padding:0;background-color:transparent;border:none}#onetrust-pc-sdk #close-pc-btn-handler.ot-close-icon svg{display:block;height:10px;width:10px}#onetrust-pc-sdk #clear-filters-handler{margin-top:20px;margin-bottom:10px;float:right;max-width:200px;text-decoration:none;color:#3860be;font-size:.9em;font-weight:bold;background-color:transparent;border-color:transparent;padding:1px}#onetrust-pc-sdk #clear-filters-handler:hover{color:#2285f7}#onetrust-pc-sdk #clear-filters-handler:focus{outline:#000 solid 1px}#onetrust-pc-sdk .ot-enbl-chr h4~.ot-tgl,#onetrust-pc-sdk .ot-enbl-chr h4~.ot-always-active{right:45px}#onetrust-pc-sdk .ot-enbl-chr h4~.ot-tgl+.ot-tgl{right:120px}#onetrust-pc-sdk .ot-enbl-chr .ot-pli-hdr.ot-leg-border-color span:first-child{width:90px}#onetrust-pc-sdk .ot-enbl-chr li.ot-subgrp>h5+.ot-tgl-cntr{padding-right:25px}#onetrust-pc-sdk .ot-plus-minus{width:20px;height:20px;font-size:1.5em;position:relative;display:inline-block;margin-right:5px;top:3px}#onetrust-pc-sdk .ot-plus-minus span{position:absolute;background:#27455c;border-radius:1px}#onetrust-pc-sdk .ot-plus-minus span:first-of-type{top:25%;bottom:25%;width:10%;left:45%}#onetrust-pc-sdk .ot-plus-minus span:last-of-type{left:25%;right:25%;height:10%;top:45%}#onetrust-pc-sdk button[aria-expanded=true]~.ot-acc-hdr .ot-arw,#onetrust-pc-sdk button[aria-expanded=true]~.ot-acc-hdr .ot-plus-minus span:first-of-type,#onetrust-pc-sdk button[aria-expanded=true]~.ot-acc-hdr .ot-plus-minus span:last-of-type{transform:rotate(90deg)}#onetrust-pc-sdk button[aria-expanded=true]~.ot-acc-hdr .ot-plus-minus span:last-of-type{left:50%;right:50%}#onetrust-pc-sdk #ot-selall-vencntr label,#onetrust-pc-sdk #ot-selall-adtlvencntr label,#onetrust-pc-sdk #ot-selall-hostcntr label,#onetrust-pc-sdk #ot-selall-licntr label{position:relative;display:inline-block;width:20px;height:20px}#onetrust-pc-sdk .ot-host-item .ot-plus-minus,#onetrust-pc-sdk .ot-ven-item .ot-plus-minus{float:left;margin-right:8px;top:10px}#onetrust-pc-sdk .ot-ven-item ul{list-style:none inside;font-size:100%;margin:0}#onetrust-pc-sdk .ot-ven-item ul li{margin:0 !important;padding:0;border:none !important}#onetrust-pc-sdk .ot-pli-hdr{color:#77808e;overflow:hidden;padding-top:7.5px;padding-bottom:7.5px;width:calc(100% - 2px);border-top-left-radius:3px;border-top-right-radius:3px}#onetrust-pc-sdk .ot-pli-hdr span:first-child{top:50%;transform:translateY(50%);max-width:90px}#onetrust-pc-sdk .ot-pli-hdr span:last-child{padding-right:10px;max-width:95px;text-align:center}#onetrust-pc-sdk .ot-li-title{float:right;font-size:.813em}#onetrust-pc-sdk .ot-pli-hdr.ot-leg-border-color{background-color:#f4f4f4;border:1px solid #d8d8d8}#onetrust-pc-sdk .ot-pli-hdr.ot-leg-border-color span:first-child{text-align:left;width:70px}#onetrust-pc-sdk li.ot-subgrp>h5,#onetrust-pc-sdk .ot-cat-header{width:calc(100% - 130px)}#onetrust-pc-sdk li.ot-subgrp>h5+.ot-tgl-cntr{padding-left:13px}#onetrust-pc-sdk .ot-acc-grpcntr .ot-acc-grpdesc{margin-bottom:5px}#onetrust-pc-sdk .ot-acc-grpcntr .ot-subgrp-cntr{border-top:1px solid #d8d8d8}#onetrust-pc-sdk .ot-acc-grpcntr .ot-vlst-cntr+.ot-subgrp-cntr{border-top:none}#onetrust-pc-sdk .ot-acc-hdr .ot-arw-cntr+.ot-tgl-cntr,#onetrust-pc-sdk .ot-acc-txt h4+.ot-tgl-cntr{padding-left:13px}#onetrust-pc-sdk .ot-pli-hdr~.ot-cat-item .ot-subgrp>h5,#onetrust-pc-sdk .ot-pli-hdr~.ot-cat-item .ot-cat-header{width:calc(100% - 145px)}#onetrust-pc-sdk .ot-pli-hdr~.ot-cat-item h5+.ot-tgl-cntr,#onetrust-pc-sdk .ot-pli-hdr~.ot-cat-item .ot-cat-header+.ot-tgl{padding-left:28px}#onetrust-pc-sdk .ot-sel-all-hdr,#onetrust-pc-sdk .ot-sel-all-chkbox{display:inline-block;width:100%;position:relative}#onetrust-pc-sdk .ot-sel-all-chkbox{z-index:1}#onetrust-pc-sdk .ot-sel-all{margin:0;position:relative;padding-right:23px;float:right}#onetrust-pc-sdk .ot-consent-hdr,#onetrust-pc-sdk .ot-li-hdr{float:right;font-size:.812em;line-height:normal;text-align:center;word-break:break-word;word-wrap:break-word}#onetrust-pc-sdk .ot-li-hdr{max-width:100px;padding-right:10px}#onetrust-pc-sdk .ot-consent-hdr{max-width:55px}#onetrust-pc-sdk #ot-selall-licntr{display:block;width:21px;height:auto;float:right;position:relative;right:80px}#onetrust-pc-sdk #ot-selall-licntr label{position:absolute}#onetrust-pc-sdk .ot-ven-ctgl{margin-left:66px}#onetrust-pc-sdk .ot-ven-litgl+.ot-arw-cntr{margin-left:81px}#onetrust-pc-sdk .ot-enbl-chr .ot-host-cnt .ot-tgl-cntr{width:auto}#onetrust-pc-sdk #ot-lst-cnt:not(.ot-host-cnt) .ot-tgl-cntr{width:auto;top:auto;height:20px}#onetrust-pc-sdk #ot-lst-cnt .ot-chkbox{position:relative;display:inline-block;width:20px;height:20px}#onetrust-pc-sdk #ot-lst-cnt .ot-chkbox label{position:absolute;padding:0;width:20px;height:20px}#onetrust-pc-sdk #ot-lst-cnt .ot-vnd-info-cntr{border:1px solid #d8d8d8;padding:.75rem 2rem;padding-bottom:0;width:auto;margin-top:.5rem}#onetrust-pc-sdk .ot-acc-grpdesc+.ot-leg-btn-container{padding-left:20px;padding-right:20px;width:calc(100% - 40px);margin-bottom:5px}#onetrust-pc-sdk .ot-subgrp .ot-leg-btn-container{margin-bottom:5px}#onetrust-pc-sdk #ot-ven-lst .ot-leg-btn-container{margin-top:10px}#onetrust-pc-sdk .ot-leg-btn-container{display:inline-block;width:100%;margin-bottom:10px}#onetrust-pc-sdk .ot-leg-btn-container button{height:auto;padding:6.5px 8px;margin-bottom:0;letter-spacing:0;font-size:.75em;line-height:normal}#onetrust-pc-sdk .ot-leg-btn-container svg{display:none;height:14px;width:14px;padding-right:5px;vertical-align:sub}#onetrust-pc-sdk .ot-active-leg-btn{cursor:default;pointer-events:none}#onetrust-pc-sdk .ot-active-leg-btn svg{display:inline-block}#onetrust-pc-sdk .ot-remove-objection-handler{text-decoration:underline;padding:0;font-size:.75em;font-weight:600;line-height:1;padding-left:10px}#onetrust-pc-sdk .ot-obj-leg-btn-handler span{font-weight:bold;text-align:center;font-size:inherit;line-height:1.5}#onetrust-pc-sdk.ot-close-btn-link #close-pc-btn-handler{border:none;height:auto;line-height:1.5;text-decoration:underline;font-size:.69em;background:none;right:15px;top:15px;width:auto;font-weight:normal}#onetrust-pc-sdk .ot-cat-header{float:left;font-weight:600;font-size:.875em;line-height:1.5;max-width:90%;vertical-align:middle}#onetrust-pc-sdk .ot-vnd-item>button:focus{outline:#000 solid 2px}#onetrust-pc-sdk .ot-vnd-item>button{position:absolute;cursor:pointer;width:100%;height:100%;margin:0;top:0;left:0;z-index:1;max-width:none;border:none}#onetrust-pc-sdk .ot-vnd-item>button[aria-expanded=false]~.ot-acc-txt{margin-top:0;max-height:0;opacity:0;overflow:hidden;width:100%;transition:.25s ease-out;display:none}#onetrust-pc-sdk .ot-vnd-item>button[aria-expanded=true]~.ot-acc-txt{transition:.1s ease-in;margin-top:10px;width:100%;overflow:auto;display:block}#onetrust-pc-sdk .ot-vnd-item>button[aria-expanded=true]~.ot-acc-grpcntr{width:auto;margin-top:0px;padding-bottom:10px}#onetrust-pc-sdk .ot-accordion-layout.ot-cat-item{position:relative;border-radius:2px;margin:0;padding:0;border:1px solid #d8d8d8;border-top:none;width:calc(100% - 2px);float:left}#onetrust-pc-sdk .ot-accordion-layout.ot-cat-item:first-of-type{margin-top:10px;border-top:1px solid #d8d8d8}#onetrust-pc-sdk .ot-accordion-layout .ot-acc-grpdesc{padding-left:20px;padding-right:20px;width:calc(100% - 40px);font-size:.812em;margin-bottom:10px;margin-top:15px}#onetrust-pc-sdk .ot-accordion-layout .ot-acc-grpdesc>ul{padding-top:10px}#onetrust-pc-sdk .ot-accordion-layout .ot-acc-grpdesc>ul li{padding-top:0;line-height:1.5;padding-bottom:10px}#onetrust-pc-sdk .ot-accordion-layout div+.ot-acc-grpdesc{margin-top:5px}#onetrust-pc-sdk .ot-accordion-layout .ot-vlst-cntr:first-child{margin-top:10px}#onetrust-pc-sdk .ot-accordion-layout .ot-vlst-cntr:last-child,#onetrust-pc-sdk .ot-accordion-layout .ot-hlst-cntr:last-child{margin-bottom:5px}#onetrust-pc-sdk .ot-accordion-layout .ot-acc-hdr{padding-top:11.5px;padding-bottom:11.5px;padding-left:20px;padding-right:20px;width:calc(100% - 40px);display:inline-block}#onetrust-pc-sdk .ot-accordion-layout .ot-acc-txt{width:100%;padding:0}#onetrust-pc-sdk .ot-accordion-layout .ot-subgrp-cntr{padding-left:20px;padding-right:15px;padding-bottom:0;width:calc(100% - 35px)}#onetrust-pc-sdk .ot-accordion-layout .ot-subgrp{padding-right:5px}#onetrust-pc-sdk .ot-accordion-layout .ot-acc-grpcntr{z-index:1;position:relative}#onetrust-pc-sdk .ot-accordion-layout .ot-cat-header+.ot-arw-cntr{position:absolute;top:50%;transform:translateY(-50%);right:20px;margin-top:-2px}#onetrust-pc-sdk .ot-accordion-layout .ot-cat-header+.ot-arw-cntr .ot-arw{width:15px;height:20px;margin-left:5px;color:dimgray}#onetrust-pc-sdk .ot-accordion-layout .ot-cat-header{float:none;color:#2e3644;margin:0;display:inline-block;height:auto;word-wrap:break-word;min-height:inherit}#onetrust-pc-sdk .ot-accordion-layout .ot-vlst-cntr,#onetrust-pc-sdk .ot-accordion-layout .ot-hlst-cntr{padding-left:20px;width:calc(100% - 20px);display:inline-block;margin-top:0;padding-bottom:2px}#onetrust-pc-sdk .ot-accordion-layout .ot-acc-hdr{position:relative;min-height:25px}#onetrust-pc-sdk .ot-accordion-layout h4~.ot-tgl,#onetrust-pc-sdk .ot-accordion-layout h4~.ot-always-active{position:absolute;top:50%;transform:translateY(-50%);right:20px}#onetrust-pc-sdk .ot-accordion-layout h4~.ot-tgl+.ot-tgl{right:95px}#onetrust-pc-sdk .ot-accordion-layout .category-vendors-list-handler,#onetrust-pc-sdk .ot-accordion-layout .category-vendors-list-handler+a{margin-top:5px}#onetrust-pc-sdk #ot-lst-cnt{margin-top:1rem;max-height:calc(100% - 96px)}#onetrust-pc-sdk #ot-lst-cnt .ot-vnd-info-cntr{border:1px solid #d8d8d8;padding:.75rem 2rem;padding-bottom:0;width:auto;margin-top:.5rem}#onetrust-pc-sdk #ot-lst-cnt .ot-vnd-info{margin-bottom:1rem;padding-left:.75rem;padding-right:.75rem;display:flex;flex-direction:column}#onetrust-pc-sdk #ot-lst-cnt .ot-vnd-info[data-vnd-info-key*=DPOEmail]{border-top:1px solid #d8d8d8;padding-top:1rem}#onetrust-pc-sdk #ot-lst-cnt .ot-vnd-info[data-vnd-info-key*=DPOLink]{border-bottom:1px solid #d8d8d8;padding-bottom:1rem}#onetrust-pc-sdk #ot-lst-cnt .ot-vnd-info .ot-vnd-lbl{font-weight:bold;font-size:.85em;margin-bottom:.5rem}#onetrust-pc-sdk #ot-lst-cnt .ot-vnd-info .ot-vnd-cnt{margin-left:.5rem;font-weight:500;font-size:.85rem}#onetrust-pc-sdk .ot-vs-list,#onetrust-pc-sdk .ot-vnd-serv{width:auto;padding:1rem 1.25rem;padding-bottom:0}#onetrust-pc-sdk .ot-vs-list .ot-vnd-serv-hdr-cntr,#onetrust-pc-sdk .ot-vnd-serv .ot-vnd-serv-hdr-cntr{padding-bottom:.75rem;border-bottom:1px solid #d8d8d8}#onetrust-pc-sdk .ot-vs-list .ot-vnd-serv-hdr-cntr .ot-vnd-serv-hdr,#onetrust-pc-sdk .ot-vnd-serv .ot-vnd-serv-hdr-cntr .ot-vnd-serv-hdr{font-weight:600;font-size:.95em;line-height:2;margin-left:.5rem}#onetrust-pc-sdk .ot-vs-list .ot-vnd-item,#onetrust-pc-sdk .ot-vnd-serv .ot-vnd-item{border:none;margin:0;padding:0}#onetrust-pc-sdk .ot-vs-list .ot-vnd-item button,#onetrust-pc-sdk .ot-vnd-serv .ot-vnd-item button{outline:none;border-bottom:1px solid #d8d8d8}#onetrust-pc-sdk .ot-vs-list .ot-vnd-item button[aria-expanded=true],#onetrust-pc-sdk .ot-vnd-serv .ot-vnd-item button[aria-expanded=true]{border-bottom:none}#onetrust-pc-sdk .ot-vs-list .ot-vnd-item:first-child,#onetrust-pc-sdk .ot-vnd-serv .ot-vnd-item:first-child{margin-top:.25rem;border-top:unset}#onetrust-pc-sdk .ot-vs-list .ot-vnd-item:last-child,#onetrust-pc-sdk .ot-vnd-serv .ot-vnd-item:last-child{margin-bottom:.5rem}#onetrust-pc-sdk .ot-vs-list .ot-vnd-item:last-child button,#onetrust-pc-sdk .ot-vnd-serv .ot-vnd-item:last-child button{border-bottom:none}#onetrust-pc-sdk .ot-vs-list .ot-vnd-item .ot-vnd-info-cntr,#onetrust-pc-sdk .ot-vnd-serv .ot-vnd-item .ot-vnd-info-cntr{border:1px solid #d8d8d8;padding:.75rem 1.75rem;padding-bottom:0;width:auto;margin-top:.5rem}#onetrust-pc-sdk .ot-vs-list .ot-vnd-item .ot-vnd-info,#onetrust-pc-sdk .ot-vnd-serv .ot-vnd-item .ot-vnd-info{margin-bottom:1rem;padding-left:.75rem;padding-right:.75rem;display:flex;flex-direction:column}#onetrust-pc-sdk .ot-vs-list .ot-vnd-item .ot-vnd-info[data-vnd-info-key*=DPOEmail],#onetrust-pc-sdk .ot-vnd-serv .ot-vnd-item .ot-vnd-info[data-vnd-info-key*=DPOEmail]{border-top:1px solid #d8d8d8;padding-top:1rem}#onetrust-pc-sdk .ot-vs-list .ot-vnd-item .ot-vnd-info[data-vnd-info-key*=DPOLink],#onetrust-pc-sdk .ot-vnd-serv .ot-vnd-item .ot-vnd-info[data-vnd-info-key*=DPOLink]{border-bottom:1px solid #d8d8d8;padding-bottom:1rem}#onetrust-pc-sdk .ot-vs-list .ot-vnd-item .ot-vnd-info .ot-vnd-lbl,#onetrust-pc-sdk .ot-vnd-serv .ot-vnd-item .ot-vnd-info .ot-vnd-lbl{font-weight:bold;font-size:.85em;margin-bottom:.5rem}#onetrust-pc-sdk .ot-vs-list .ot-vnd-item .ot-vnd-info .ot-vnd-cnt,#onetrust-pc-sdk .ot-vnd-serv .ot-vnd-item .ot-vnd-info .ot-vnd-cnt{margin-left:.5rem;font-weight:500;font-size:.85rem}#onetrust-pc-sdk .ot-vs-list.ot-vnd-subgrp-cnt,#onetrust-pc-sdk .ot-vnd-serv.ot-vnd-subgrp-cnt{padding-left:40px}#onetrust-pc-sdk .ot-vs-list.ot-vnd-subgrp-cnt .ot-vnd-serv-hdr-cntr .ot-vnd-serv-hdr,#onetrust-pc-sdk .ot-vnd-serv.ot-vnd-subgrp-cnt .ot-vnd-serv-hdr-cntr .ot-vnd-serv-hdr{font-size:.8em}#onetrust-pc-sdk .ot-vs-list.ot-vnd-subgrp-cnt .ot-cat-header,#onetrust-pc-sdk .ot-vnd-serv.ot-vnd-subgrp-cnt .ot-cat-header{font-size:.8em}#onetrust-pc-sdk .ot-subgrp-cntr .ot-vnd-serv{margin-bottom:1rem;padding:1rem .95rem}#onetrust-pc-sdk .ot-subgrp-cntr .ot-vnd-serv .ot-vnd-serv-hdr-cntr{padding-bottom:.75rem;border-bottom:1px solid #d8d8d8}#onetrust-pc-sdk .ot-subgrp-cntr .ot-vnd-serv .ot-vnd-serv-hdr-cntr .ot-vnd-serv-hdr{font-weight:700;font-size:.8em;line-height:20px;margin-left:.82rem}#onetrust-pc-sdk .ot-subgrp-cntr .ot-cat-header{font-weight:700;font-size:.8em;line-height:20px}#onetrust-pc-sdk .ot-subgrp-cntr ul.ot-subgrps .ot-vnd-serv .ot-vnd-lst-cont .ot-accordion-layout .ot-acc-hdr div.ot-chkbox{margin-left:.82rem}#onetrust-pc-sdk .ot-vs-config .ot-acc-hdr,#onetrust-pc-sdk ul.ot-subgrps .ot-acc-hdr,#onetrust-pc-sdk .ot-subgrp-cntr ul.ot-subgrps .ot-acc-hdr,#onetrust-pc-sdk .ot-vs-list .ot-vnd-item .ot-acc-hdr,#onetrust-pc-sdk .ot-vnd-serv .ot-vnd-item .ot-acc-hdr,#onetrust-pc-sdk #ot-pc-lst .ot-vs-list .ot-vnd-item .ot-acc-hdr,#onetrust-pc-sdk .ot-accordion-layout.ot-checkbox-consent .ot-acc-hdr{padding:.5rem 0;margin:0;display:flex;width:100%;align-items:center;justify-content:space-between}#onetrust-pc-sdk .ot-vs-config .ot-acc-hdr div:first-child,#onetrust-pc-sdk ul.ot-subgrps .ot-acc-hdr div:first-child,#onetrust-pc-sdk .ot-subgrp-cntr ul.ot-subgrps .ot-acc-hdr div:first-child,#onetrust-pc-sdk .ot-vs-list .ot-vnd-item .ot-acc-hdr div:first-child,#onetrust-pc-sdk .ot-vnd-serv .ot-vnd-item .ot-acc-hdr div:first-child,#onetrust-pc-sdk #ot-pc-lst .ot-vs-list .ot-vnd-item .ot-acc-hdr div:first-child,#onetrust-pc-sdk .ot-accordion-layout.ot-checkbox-consent .ot-acc-hdr div:first-child{margin-left:.5rem}#onetrust-pc-sdk .ot-vs-config .ot-acc-hdr div:last-child,#onetrust-pc-sdk ul.ot-subgrps .ot-acc-hdr div:last-child,#onetrust-pc-sdk .ot-subgrp-cntr ul.ot-subgrps .ot-acc-hdr div:last-child,#onetrust-pc-sdk .ot-vs-list .ot-vnd-item .ot-acc-hdr div:last-child,#onetrust-pc-sdk .ot-vnd-serv .ot-vnd-item .ot-acc-hdr div:last-child,#onetrust-pc-sdk #ot-pc-lst .ot-vs-list .ot-vnd-item .ot-acc-hdr div:last-child,#onetrust-pc-sdk .ot-accordion-layout.ot-checkbox-consent .ot-acc-hdr div:last-child{margin-right:.5rem;margin-left:.5rem}#onetrust-pc-sdk .ot-vs-config .ot-acc-hdr .ot-always-active,#onetrust-pc-sdk ul.ot-subgrps .ot-acc-hdr .ot-always-active,#onetrust-pc-sdk .ot-subgrp-cntr ul.ot-subgrps .ot-acc-hdr .ot-always-active,#onetrust-pc-sdk .ot-vs-list .ot-vnd-item .ot-acc-hdr .ot-always-active,#onetrust-pc-sdk .ot-vnd-serv .ot-vnd-item .ot-acc-hdr .ot-always-active,#onetrust-pc-sdk #ot-pc-lst .ot-vs-list .ot-vnd-item .ot-acc-hdr .ot-always-active,#onetrust-pc-sdk .ot-accordion-layout.ot-checkbox-consent .ot-acc-hdr .ot-always-active{position:relative;right:unset;top:unset;transform:unset}#onetrust-pc-sdk .ot-vs-config .ot-acc-hdr .ot-plus-minus,#onetrust-pc-sdk ul.ot-subgrps .ot-acc-hdr .ot-plus-minus,#onetrust-pc-sdk .ot-subgrp-cntr ul.ot-subgrps .ot-acc-hdr .ot-plus-minus,#onetrust-pc-sdk .ot-vs-list .ot-vnd-item .ot-acc-hdr .ot-plus-minus,#onetrust-pc-sdk .ot-vnd-serv .ot-vnd-item .ot-acc-hdr .ot-plus-minus,#onetrust-pc-sdk #ot-pc-lst .ot-vs-list .ot-vnd-item .ot-acc-hdr .ot-plus-minus,#onetrust-pc-sdk .ot-accordion-layout.ot-checkbox-consent .ot-acc-hdr .ot-plus-minus{top:0}#onetrust-pc-sdk .ot-vs-config .ot-acc-hdr .ot-arw-cntr,#onetrust-pc-sdk ul.ot-subgrps .ot-acc-hdr .ot-arw-cntr,#onetrust-pc-sdk .ot-subgrp-cntr ul.ot-subgrps .ot-acc-hdr .ot-arw-cntr,#onetrust-pc-sdk .ot-vs-list .ot-vnd-item .ot-acc-hdr .ot-arw-cntr,#onetrust-pc-sdk .ot-vnd-serv .ot-vnd-item .ot-acc-hdr .ot-arw-cntr,#onetrust-pc-sdk #ot-pc-lst .ot-vs-list .ot-vnd-item .ot-acc-hdr .ot-arw-cntr,#onetrust-pc-sdk .ot-accordion-layout.ot-checkbox-consent .ot-acc-hdr .ot-arw-cntr{float:none;top:unset;right:unset;transform:unset;margin-top:-2px;position:relative}#onetrust-pc-sdk .ot-vs-config .ot-acc-hdr .ot-cat-header,#onetrust-pc-sdk ul.ot-subgrps .ot-acc-hdr .ot-cat-header,#onetrust-pc-sdk .ot-subgrp-cntr ul.ot-subgrps .ot-acc-hdr .ot-cat-header,#onetrust-pc-sdk .ot-vs-list .ot-vnd-item .ot-acc-hdr .ot-cat-header,#onetrust-pc-sdk .ot-vnd-serv .ot-vnd-item .ot-acc-hdr .ot-cat-header,#onetrust-pc-sdk #ot-pc-lst .ot-vs-list .ot-vnd-item .ot-acc-hdr .ot-cat-header,#onetrust-pc-sdk .ot-accordion-layout.ot-checkbox-consent .ot-acc-hdr .ot-cat-header{flex:1;margin:0 .5rem}#onetrust-pc-sdk .ot-vs-config .ot-acc-hdr .ot-tgl,#onetrust-pc-sdk ul.ot-subgrps .ot-acc-hdr .ot-tgl,#onetrust-pc-sdk .ot-subgrp-cntr ul.ot-subgrps .ot-acc-hdr .ot-tgl,#onetrust-pc-sdk .ot-vs-list .ot-vnd-item .ot-acc-hdr .ot-tgl,#onetrust-pc-sdk .ot-vnd-serv .ot-vnd-item .ot-acc-hdr .ot-tgl,#onetrust-pc-sdk #ot-pc-lst .ot-vs-list .ot-vnd-item .ot-acc-hdr .ot-tgl,#onetrust-pc-sdk .ot-accordion-layout.ot-checkbox-consent .ot-acc-hdr .ot-tgl{position:relative;transform:none;right:0;top:0;float:none}#onetrust-pc-sdk .ot-vs-config .ot-acc-hdr .ot-chkbox,#onetrust-pc-sdk ul.ot-subgrps .ot-acc-hdr .ot-chkbox,#onetrust-pc-sdk .ot-subgrp-cntr ul.ot-subgrps .ot-acc-hdr .ot-chkbox,#onetrust-pc-sdk .ot-vs-list .ot-vnd-item .ot-acc-hdr .ot-chkbox,#onetrust-pc-sdk .ot-vnd-serv .ot-vnd-item .ot-acc-hdr .ot-chkbox,#onetrust-pc-sdk #ot-pc-lst .ot-vs-list .ot-vnd-item .ot-acc-hdr .ot-chkbox,#onetrust-pc-sdk .ot-accordion-layout.ot-checkbox-consent .ot-acc-hdr .ot-chkbox{position:relative;margin:0 .5rem}#onetrust-pc-sdk .ot-vs-config .ot-acc-hdr .ot-chkbox label,#onetrust-pc-sdk ul.ot-subgrps .ot-acc-hdr .ot-chkbox label,#onetrust-pc-sdk .ot-subgrp-cntr ul.ot-subgrps .ot-acc-hdr .ot-chkbox label,#onetrust-pc-sdk .ot-vs-list .ot-vnd-item .ot-acc-hdr .ot-chkbox label,#onetrust-pc-sdk .ot-vnd-serv .ot-vnd-item .ot-acc-hdr .ot-chkbox label,#onetrust-pc-sdk #ot-pc-lst .ot-vs-list .ot-vnd-item .ot-acc-hdr .ot-chkbox label,#onetrust-pc-sdk .ot-accordion-layout.ot-checkbox-consent .ot-acc-hdr .ot-chkbox label{padding:0}#onetrust-pc-sdk .ot-vs-config .ot-acc-hdr .ot-chkbox label::before,#onetrust-pc-sdk ul.ot-subgrps .ot-acc-hdr .ot-chkbox label::before,#onetrust-pc-sdk .ot-subgrp-cntr ul.ot-subgrps .ot-acc-hdr .ot-chkbox label::before,#onetrust-pc-sdk .ot-vs-list .ot-vnd-item .ot-acc-hdr .ot-chkbox label::before,#onetrust-pc-sdk .ot-vnd-serv .ot-vnd-item .ot-acc-hdr .ot-chkbox label::before,#onetrust-pc-sdk #ot-pc-lst .ot-vs-list .ot-vnd-item .ot-acc-hdr .ot-chkbox label::before,#onetrust-pc-sdk .ot-accordion-layout.ot-checkbox-consent .ot-acc-hdr .ot-chkbox label::before{position:relative}#onetrust-pc-sdk .ot-vs-config .ot-acc-hdr .ot-chkbox input,#onetrust-pc-sdk ul.ot-subgrps .ot-acc-hdr .ot-chkbox input,#onetrust-pc-sdk .ot-subgrp-cntr ul.ot-subgrps .ot-acc-hdr .ot-chkbox input,#onetrust-pc-sdk .ot-vs-list .ot-vnd-item .ot-acc-hdr .ot-chkbox input,#onetrust-pc-sdk .ot-vnd-serv .ot-vnd-item .ot-acc-hdr .ot-chkbox input,#onetrust-pc-sdk #ot-pc-lst .ot-vs-list .ot-vnd-item .ot-acc-hdr .ot-chkbox input,#onetrust-pc-sdk .ot-accordion-layout.ot-checkbox-consent .ot-acc-hdr .ot-chkbox input{position:absolute;cursor:pointer;width:100%;height:100%;opacity:0;margin:0;top:0;left:0;z-index:1}#onetrust-pc-sdk .ot-subgrp-cntr ul.ot-subgrps li.ot-subgrp .ot-acc-hdr h5.ot-cat-header,#onetrust-pc-sdk .ot-subgrp-cntr ul.ot-subgrps li.ot-subgrp .ot-acc-hdr h4.ot-cat-header{margin:0}#onetrust-pc-sdk .ot-vs-config .ot-subgrp-cntr ul.ot-subgrps li.ot-subgrp h5{top:0;line-height:20px}#onetrust-pc-sdk .ot-vs-list{display:flex;flex-direction:column;padding:0;margin:.5rem 4px}#onetrust-pc-sdk .ot-vs-selc-all{display:flex;padding:0;float:unset;align-items:center;justify-content:flex-start}#onetrust-pc-sdk .ot-vs-selc-all.ot-toggle-conf{justify-content:flex-end}#onetrust-pc-sdk .ot-vs-selc-all.ot-toggle-conf.ot-caret-conf .ot-sel-all-chkbox{margin-right:48px}#onetrust-pc-sdk .ot-vs-selc-all.ot-toggle-conf .ot-sel-all-chkbox{margin:0;padding:0;margin-right:14px;justify-content:flex-end}#onetrust-pc-sdk .ot-vs-selc-all.ot-toggle-conf #ot-selall-vencntr.ot-chkbox,#onetrust-pc-sdk .ot-vs-selc-all.ot-toggle-conf #ot-selall-vencntr.ot-tgl{display:inline-block;right:unset;width:auto;height:auto;float:none}#onetrust-pc-sdk .ot-vs-selc-all.ot-toggle-conf #ot-selall-vencntr label{width:45px;height:25px}#onetrust-pc-sdk .ot-vs-selc-all .ot-sel-all-chkbox{margin-right:11px;margin-left:.75rem;display:flex;align-items:center}#onetrust-pc-sdk .ot-vs-selc-all .sel-all-hdr{margin:0 1.25rem;font-size:.812em;line-height:normal;text-align:center;word-break:break-word;word-wrap:break-word}#onetrust-pc-sdk .ot-vnd-list-cnt #ot-selall-vencntr.ot-chkbox{float:unset;right:0}#onetrust-pc-sdk[dir=rtl] #ot-back-arw,#onetrust-pc-sdk[dir=rtl] input~.ot-acc-hdr .ot-arw{transform:rotate(180deg);-o-transform:rotate(180deg);-ms-transform:rotate(180deg);-webkit-transform:rotate(180deg)}#onetrust-pc-sdk[dir=rtl] input:checked~.ot-acc-hdr .ot-arw{transform:rotate(270deg);-o-transform:rotate(270deg);-ms-transform:rotate(270deg);-webkit-transform:rotate(270deg)}#onetrust-pc-sdk[dir=rtl] .ot-chkbox label::after{transform:rotate(45deg);-webkit-transform:rotate(45deg);-o-transform:rotate(45deg);-ms-transform:rotate(45deg);border-left:0;border-right:3px solid}#onetrust-pc-sdk[dir=rtl] .ot-search-cntr>svg{right:0}@media only screen and (max-width: 600px){#onetrust-pc-sdk.otPcCenter{left:0;min-width:100%;height:100%;top:0;border-radius:0}#onetrust-pc-sdk #ot-pc-content,#onetrust-pc-sdk.ot-ftr-stacked .ot-btn-container{margin:1px 3px 0 10px;padding-right:10px;width:calc(100% - 23px)}#onetrust-pc-sdk .ot-btn-container button{max-width:none;letter-spacing:.01em}#onetrust-pc-sdk #close-pc-btn-handler{top:10px;right:17px}#onetrust-pc-sdk p{font-size:.7em}#onetrust-pc-sdk #ot-pc-hdr{margin:10px 10px 0 5px;width:calc(100% - 15px)}#onetrust-pc-sdk .vendor-search-handler{font-size:1em}#onetrust-pc-sdk #ot-back-arw{margin-left:12px}#onetrust-pc-sdk #ot-lst-cnt{margin:0;padding:0 5px 0 10px;min-width:95%}#onetrust-pc-sdk .switch+p{max-width:80%}#onetrust-pc-sdk .ot-ftr-stacked button{width:100%}#onetrust-pc-sdk #ot-fltr-cnt{max-width:320px;width:90%;border-top-right-radius:0;border-bottom-right-radius:0;margin:0;margin-left:15px;left:auto;right:40px;top:85px}#onetrust-pc-sdk .ot-fltr-opt{margin-left:25px;margin-bottom:10px}#onetrust-pc-sdk .ot-pc-refuse-all-handler{margin-bottom:0}#onetrust-pc-sdk #ot-fltr-cnt{right:40px}}@media only screen and (max-width: 476px){#onetrust-pc-sdk .ot-fltr-cntr,#onetrust-pc-sdk #ot-fltr-cnt{right:10px}#onetrust-pc-sdk #ot-anchor{right:25px}#onetrust-pc-sdk button{width:100%}#onetrust-pc-sdk:not(.ot-addtl-vendors) #ot-pc-lst:not(.ot-enbl-chr) .ot-sel-all{padding-right:9px}#onetrust-pc-sdk:not(.ot-addtl-vendors) #ot-pc-lst:not(.ot-enbl-chr) .ot-tgl-cntr{right:0}}@media only screen and (max-width: 896px)and (max-height: 425px)and (orientation: landscape){#onetrust-pc-sdk.otPcCenter{left:0;top:0;min-width:100%;height:100%;border-radius:0}#onetrust-pc-sdk #ot-anchor{left:initial;right:50px}#onetrust-pc-sdk #ot-lst-title{margin-top:12px}#onetrust-pc-sdk #ot-lst-title *{font-size:inherit}#onetrust-pc-sdk #ot-pc-hdr input{margin-right:0;padding-right:45px}#onetrust-pc-sdk .switch+p{max-width:85%}#onetrust-pc-sdk #ot-sel-blk{position:static}#onetrust-pc-sdk #ot-pc-lst{overflow:auto}#onetrust-pc-sdk #ot-lst-cnt{max-height:none;overflow:initial}#onetrust-pc-sdk #ot-lst-cnt.no-results{height:auto}#onetrust-pc-sdk input{font-size:1em !important}#onetrust-pc-sdk p{font-size:.6em}#onetrust-pc-sdk #ot-fltr-modal{width:100%;top:0}#onetrust-pc-sdk ul li p,#onetrust-pc-sdk .category-vendors-list-handler,#onetrust-pc-sdk .category-vendors-list-handler+a,#onetrust-pc-sdk .category-host-list-handler{font-size:.6em}#onetrust-pc-sdk.ot-shw-fltr #ot-anchor{display:none !important}#onetrust-pc-sdk.ot-shw-fltr #ot-pc-lst{height:100% !important;overflow:hidden;top:0px}#onetrust-pc-sdk.ot-shw-fltr #ot-fltr-cnt{margin:0;height:100%;max-height:none;padding:10px;top:0;width:calc(100% - 20px);position:absolute;right:0;left:0;max-width:none}#onetrust-pc-sdk.ot-shw-fltr .ot-fltr-scrlcnt{max-height:calc(100% - 65px)}}
            #onetrust-consent-sdk #onetrust-pc-sdk,
                #onetrust-consent-sdk #ot-search-cntr,
                #onetrust-consent-sdk #onetrust-pc-sdk .ot-switch.ot-toggle,
                #onetrust-consent-sdk #onetrust-pc-sdk ot-grp-hdr1 .checkbox,
                #onetrust-consent-sdk #onetrust-pc-sdk #ot-pc-title:after
                ,#onetrust-consent-sdk #onetrust-pc-sdk #ot-sel-blk,
                        #onetrust-consent-sdk #onetrust-pc-sdk #ot-fltr-cnt,
                        #onetrust-consent-sdk #onetrust-pc-sdk #ot-anchor {
                    background-color: #FFFFFF;
                }
               
            #onetrust-consent-sdk #onetrust-pc-sdk h3,
                #onetrust-consent-sdk #onetrust-pc-sdk h4,
                #onetrust-consent-sdk #onetrust-pc-sdk h5,
                #onetrust-consent-sdk #onetrust-pc-sdk h6,
                #onetrust-consent-sdk #onetrust-pc-sdk p,
                #onetrust-consent-sdk #onetrust-pc-sdk #ot-ven-lst .ot-ven-opts p,
                #onetrust-consent-sdk #onetrust-pc-sdk #ot-pc-desc,
                #onetrust-consent-sdk #onetrust-pc-sdk #ot-pc-title,
                #onetrust-consent-sdk #onetrust-pc-sdk .ot-li-title,
                #onetrust-consent-sdk #onetrust-pc-sdk .ot-sel-all-hdr span,
                #onetrust-consent-sdk #onetrust-pc-sdk #ot-host-lst .ot-host-info,
                #onetrust-consent-sdk #onetrust-pc-sdk #ot-fltr-modal #modal-header,
                #onetrust-consent-sdk #onetrust-pc-sdk .ot-checkbox label span,
                #onetrust-consent-sdk #onetrust-pc-sdk #ot-pc-lst #ot-sel-blk p,
                #onetrust-consent-sdk #onetrust-pc-sdk #ot-pc-lst #ot-lst-title h3,
                #onetrust-consent-sdk #onetrust-pc-sdk #ot-pc-lst .back-btn-handler p,
                #onetrust-consent-sdk #onetrust-pc-sdk #ot-pc-lst .ot-ven-name,
                #onetrust-consent-sdk #onetrust-pc-sdk #ot-pc-lst #ot-ven-lst .consent-category,
                #onetrust-consent-sdk #onetrust-pc-sdk .ot-leg-btn-container .ot-inactive-leg-btn,
                #onetrust-consent-sdk #onetrust-pc-sdk .ot-label-status,
                #onetrust-consent-sdk #onetrust-pc-sdk .ot-chkbox label span,
                #onetrust-consent-sdk #onetrust-pc-sdk #clear-filters-handler
                {
                    color: #001919;
                }
             #onetrust-consent-sdk #onetrust-pc-sdk .privacy-notice-link,
                    #onetrust-consent-sdk #onetrust-pc-sdk .category-vendors-list-handler,
                    #onetrust-consent-sdk #onetrust-pc-sdk .category-vendors-list-handler + a,
                    #onetrust-consent-sdk #onetrust-pc-sdk .category-host-list-handler,
                    #onetrust-consent-sdk #onetrust-pc-sdk .ot-ven-link,
                    #onetrust-consent-sdk #onetrust-pc-sdk #ot-host-lst .ot-host-name a,
                    #onetrust-consent-sdk #onetrust-pc-sdk #ot-host-lst .ot-acc-hdr .ot-host-expand,
                    #onetrust-consent-sdk #onetrust-pc-sdk #ot-host-lst .ot-host-info a,
                    #onetrust-consent-sdk #onetrust-pc-sdk #ot-pc-content #ot-pc-desc .ot-link-btn,
                    #onetrust-consent-sdk #onetrust-pc-sdk .ot-vnd-serv .ot-vnd-item .ot-vnd-info a,
                    #onetrust-consent-sdk #onetrust-pc-sdk #ot-lst-cnt .ot-vnd-info a
                    {
                        color: #3860BE;
                    }
            #onetrust-consent-sdk #onetrust-pc-sdk .category-vendors-list-handler:hover { text-decoration: underline;}
            #onetrust-consent-sdk #onetrust-pc-sdk .ot-acc-grpcntr.ot-acc-txt,
            #onetrust-consent-sdk #onetrust-pc-sdk .ot-acc-txt .ot-subgrp-tgl .ot-switch.ot-toggle
             {
                background-color: #F8F8F8;
            }
             #onetrust-consent-sdk #onetrust-pc-sdk #ot-host-lst .ot-host-info,
                    #onetrust-consent-sdk #onetrust-pc-sdk .ot-acc-txt .ot-ven-dets
                            {
                                background-color: #F8F8F8;
                            }
        #onetrust-consent-sdk #onetrust-pc-sdk
            button:not(#clear-filters-handler):not(.ot-close-icon):not(#filter-btn-handler):not(.ot-remove-objection-handler):not(.ot-obj-leg-btn-handler):not([aria-expanded]):not(.ot-link-btn),
            #onetrust-consent-sdk #onetrust-pc-sdk .ot-leg-btn-container .ot-active-leg-btn {
                background-color: #E0004D;border-color: #E0004D;
                color: #FFFFFF;
            }
            #onetrust-consent-sdk #onetrust-pc-sdk .ot-active-menu {
                border-color: #E0004D;
            }
            
            #onetrust-consent-sdk #onetrust-pc-sdk .ot-leg-btn-container .ot-remove-objection-handler{
                background-color: transparent;
                border: 1px solid transparent;
            }
            #onetrust-consent-sdk #onetrust-pc-sdk .ot-leg-btn-container .ot-inactive-leg-btn {
                background-color: #FFFFFF;
                color: #4D4D4D; border-color: #4D4D4D;
            }
            
            #onetrust-consent-sdk #onetrust-pc-sdk .ot-tgl input:focus + .ot-switch, .ot-switch .ot-switch-nob, .ot-switch .ot-switch-nob:before,
            #onetrust-pc-sdk .ot-checkbox input[type="checkbox"]:focus + label::before,
            #onetrust-pc-sdk .ot-chkbox input[type="checkbox"]:focus + label::before {
                outline-color: #000000;
                outline-width: 1px;
            }
            #onetrust-pc-sdk .ot-host-item > button:focus, #onetrust-pc-sdk .ot-ven-item > button:focus {
                border: 1px solid #000000;
            }
            #onetrust-consent-sdk #onetrust-pc-sdk *:focus,
            #onetrust-consent-sdk #onetrust-pc-sdk .ot-vlst-cntr > a:focus {
               outline: 1px solid #000000;
            }
        #onetrust-pc-sdk .ot-vlst-cntr .ot-ext-lnk {
            background-image: url('https://cdn.cookielaw.org/logos/static/ot_external_link.svg');
        }
        [data-optanongroupid='C0001']{
display: none !important;
}
[data-optanongroupid='C0002']{
display: none !important;
}
[data-optanongroupid='C0003']{
display: none !important;
}

#onetrust-pc-sdk .ot-tgl input:checked+.ot-switch .ot-switch-nob:before {
    background-color: #FFFFFF;
}

#onetrust-pc-sdk .ot-tgl input:checked+.ot-switch .ot-switch-nob {
background-color: #E0004D;
}
.ot-sdk-cookie-policy{font-family:inherit;font-size:16px}.ot-sdk-cookie-policy.otRelFont{font-size:1rem}.ot-sdk-cookie-policy h3,.ot-sdk-cookie-policy h4,.ot-sdk-cookie-policy h6,.ot-sdk-cookie-policy p,.ot-sdk-cookie-policy li,.ot-sdk-cookie-policy a,.ot-sdk-cookie-policy th,.ot-sdk-cookie-policy #cookie-policy-description,.ot-sdk-cookie-policy .ot-sdk-cookie-policy-group,.ot-sdk-cookie-policy #cookie-policy-title{color:dimgray}.ot-sdk-cookie-policy #cookie-policy-description{margin-bottom:1em}.ot-sdk-cookie-policy h4{font-size:1.2em}.ot-sdk-cookie-policy h6{font-size:1em;margin-top:2em}.ot-sdk-cookie-policy th{min-width:75px}.ot-sdk-cookie-policy a,.ot-sdk-cookie-policy a:hover{background:#fff}.ot-sdk-cookie-policy thead{background-color:#f6f6f4;font-weight:bold}.ot-sdk-cookie-policy .ot-mobile-border{display:none}.ot-sdk-cookie-policy section{margin-bottom:2em}.ot-sdk-cookie-policy table{border-collapse:inherit}#ot-sdk-cookie-policy-v2.ot-sdk-cookie-policy{font-family:inherit;font-size:1rem}#ot-sdk-cookie-policy-v2.ot-sdk-cookie-policy h3,#ot-sdk-cookie-policy-v2.ot-sdk-cookie-policy h4,#ot-sdk-cookie-policy-v2.ot-sdk-cookie-policy h6,#ot-sdk-cookie-policy-v2.ot-sdk-cookie-policy p,#ot-sdk-cookie-policy-v2.ot-sdk-cookie-policy li,#ot-sdk-cookie-policy-v2.ot-sdk-cookie-policy a,#ot-sdk-cookie-policy-v2.ot-sdk-cookie-policy th,#ot-sdk-cookie-policy-v2.ot-sdk-cookie-policy #cookie-policy-description,#ot-sdk-cookie-policy-v2.ot-sdk-cookie-policy .ot-sdk-cookie-policy-group,#ot-sdk-cookie-policy-v2.ot-sdk-cookie-policy #cookie-policy-title{color:dimgray}#ot-sdk-cookie-policy-v2.ot-sdk-cookie-policy #cookie-policy-description{margin-bottom:1em}#ot-sdk-cookie-policy-v2.ot-sdk-cookie-policy .ot-sdk-subgroup{margin-left:1.5em}#ot-sdk-cookie-policy-v2.ot-sdk-cookie-policy #cookie-policy-description,#ot-sdk-cookie-policy-v2.ot-sdk-cookie-policy .ot-sdk-cookie-policy-group-desc,#ot-sdk-cookie-policy-v2.ot-sdk-cookie-policy .ot-table-header,#ot-sdk-cookie-policy-v2.ot-sdk-cookie-policy a,#ot-sdk-cookie-policy-v2.ot-sdk-cookie-policy span,#ot-sdk-cookie-policy-v2.ot-sdk-cookie-policy td{font-size:.9em}#ot-sdk-cookie-policy-v2.ot-sdk-cookie-policy td span,#ot-sdk-cookie-policy-v2.ot-sdk-cookie-policy td a{font-size:inherit}#ot-sdk-cookie-policy-v2.ot-sdk-cookie-policy .ot-sdk-cookie-policy-group{font-size:1em;margin-bottom:.6em}#ot-sdk-cookie-policy-v2.ot-sdk-cookie-policy .ot-sdk-cookie-policy-title{margin-bottom:1.2em}#ot-sdk-cookie-policy-v2.ot-sdk-cookie-policy>section{margin-bottom:1em}#ot-sdk-cookie-policy-v2.ot-sdk-cookie-policy th{min-width:75px}#ot-sdk-cookie-policy-v2.ot-sdk-cookie-policy a,#ot-sdk-cookie-policy-v2.ot-sdk-cookie-policy a:hover{background:#fff}#ot-sdk-cookie-policy-v2.ot-sdk-cookie-policy thead{background-color:#f6f6f4;font-weight:bold}#ot-sdk-cookie-policy-v2.ot-sdk-cookie-policy .ot-mobile-border{display:none}#ot-sdk-cookie-policy-v2.ot-sdk-cookie-policy section{margin-bottom:2em}#ot-sdk-cookie-policy-v2.ot-sdk-cookie-policy .ot-sdk-subgroup ul li{list-style:disc;margin-left:1.5em}#ot-sdk-cookie-policy-v2.ot-sdk-cookie-policy .ot-sdk-subgroup ul li h4{display:inline-block}#ot-sdk-cookie-policy-v2.ot-sdk-cookie-policy table{border-collapse:inherit;margin:auto;border:1px solid #d7d7d7;border-radius:5px;border-spacing:initial;width:100%;overflow:hidden}#ot-sdk-cookie-policy-v2.ot-sdk-cookie-policy table th,#ot-sdk-cookie-policy-v2.ot-sdk-cookie-policy table td{border-bottom:1px solid #d7d7d7;border-right:1px solid #d7d7d7}#ot-sdk-cookie-policy-v2.ot-sdk-cookie-policy table tr:last-child td{border-bottom:0px}#ot-sdk-cookie-policy-v2.ot-sdk-cookie-policy table tr th:last-child,#ot-sdk-cookie-policy-v2.ot-sdk-cookie-policy table tr td:last-child{border-right:0px}#ot-sdk-cookie-policy-v2.ot-sdk-cookie-policy table .ot-host,#ot-sdk-cookie-policy-v2.ot-sdk-cookie-policy table .ot-cookies-type{width:25%}.ot-sdk-cookie-policy[dir=rtl]{text-align:left}#ot-sdk-cookie-policy h3{font-size:1.5em}@media only screen and (max-width: 530px){.ot-sdk-cookie-policy:not(#ot-sdk-cookie-policy-v2) table,.ot-sdk-cookie-policy:not(#ot-sdk-cookie-policy-v2) thead,.ot-sdk-cookie-policy:not(#ot-sdk-cookie-policy-v2) tbody,.ot-sdk-cookie-policy:not(#ot-sdk-cookie-policy-v2) th,.ot-sdk-cookie-policy:not(#ot-sdk-cookie-policy-v2) td,.ot-sdk-cookie-policy:not(#ot-sdk-cookie-policy-v2) tr{display:block}.ot-sdk-cookie-policy:not(#ot-sdk-cookie-policy-v2) thead tr{position:absolute;top:-9999px;left:-9999px}.ot-sdk-cookie-policy:not(#ot-sdk-cookie-policy-v2) tr{margin:0 0 1em 0}.ot-sdk-cookie-policy:not(#ot-sdk-cookie-policy-v2) tr:nth-child(odd),.ot-sdk-cookie-policy:not(#ot-sdk-cookie-policy-v2) tr:nth-child(odd) a{background:#f6f6f4}.ot-sdk-cookie-policy:not(#ot-sdk-cookie-policy-v2) td{border:none;border-bottom:1px solid #eee;position:relative;padding-left:50%}.ot-sdk-cookie-policy:not(#ot-sdk-cookie-policy-v2) td:before{position:absolute;height:100%;left:6px;width:40%;padding-right:10px}.ot-sdk-cookie-policy:not(#ot-sdk-cookie-policy-v2) .ot-mobile-border{display:inline-block;background-color:#e4e4e4;position:absolute;height:100%;top:0;left:45%;width:2px}.ot-sdk-cookie-policy:not(#ot-sdk-cookie-policy-v2) td:before{content:attr(data-label);font-weight:bold}.ot-sdk-cookie-policy:not(#ot-sdk-cookie-policy-v2) li{word-break:break-word;word-wrap:break-word}#ot-sdk-cookie-policy-v2.ot-sdk-cookie-policy table{overflow:hidden}#ot-sdk-cookie-policy-v2.ot-sdk-cookie-policy table td{border:none;border-bottom:1px solid #d7d7d7}#ot-sdk-cookie-policy-v2.ot-sdk-cookie-policy table,#ot-sdk-cookie-policy-v2.ot-sdk-cookie-policy thead,#ot-sdk-cookie-policy-v2.ot-sdk-cookie-policy tbody,#ot-sdk-cookie-policy-v2.ot-sdk-cookie-policy th,#ot-sdk-cookie-policy-v2.ot-sdk-cookie-policy td,#ot-sdk-cookie-policy-v2.ot-sdk-cookie-policy tr{display:block}#ot-sdk-cookie-policy-v2.ot-sdk-cookie-policy table .ot-host,#ot-sdk-cookie-policy-v2.ot-sdk-cookie-policy table .ot-cookies-type{width:auto}#ot-sdk-cookie-policy-v2.ot-sdk-cookie-policy tr{margin:0 0 1em 0}#ot-sdk-cookie-policy-v2.ot-sdk-cookie-policy td:before{height:100%;width:40%;padding-right:10px}#ot-sdk-cookie-policy-v2.ot-sdk-cookie-policy td:before{content:attr(data-label);font-weight:bold}#ot-sdk-cookie-policy-v2.ot-sdk-cookie-policy li{word-break:break-word;word-wrap:break-word}#ot-sdk-cookie-policy-v2.ot-sdk-cookie-policy thead tr{position:absolute;top:-9999px;left:-9999px;z-index:-9999}#ot-sdk-cookie-policy-v2.ot-sdk-cookie-policy table tr:last-child td{border-bottom:1px solid #d7d7d7;border-right:0px}#ot-sdk-cookie-policy-v2.ot-sdk-cookie-policy table tr:last-child td:last-child{border-bottom:0px}}
                
                    #ot-sdk-cookie-policy-v2.ot-sdk-cookie-policy h5,
                    #ot-sdk-cookie-policy-v2.ot-sdk-cookie-policy h6,
                    #ot-sdk-cookie-policy-v2.ot-sdk-cookie-policy li,
                    #ot-sdk-cookie-policy-v2.ot-sdk-cookie-policy p,
                    #ot-sdk-cookie-policy-v2.ot-sdk-cookie-policy a,
                    #ot-sdk-cookie-policy-v2.ot-sdk-cookie-policy span,
                    #ot-sdk-cookie-policy-v2.ot-sdk-cookie-policy td,
                    #ot-sdk-cookie-policy-v2.ot-sdk-cookie-policy #cookie-policy-description {
                        color: #696969;
                    }
                    #ot-sdk-cookie-policy-v2.ot-sdk-cookie-policy th {
                        color: #696969;
                    }
                    #ot-sdk-cookie-policy-v2.ot-sdk-cookie-policy .ot-sdk-cookie-policy-group {
                        color: #696969;
                    }
                    
                    #ot-sdk-cookie-policy-v2.ot-sdk-cookie-policy #cookie-policy-title {
                            color: #696969;
                        }
                    
            
                    #ot-sdk-cookie-policy-v2.ot-sdk-cookie-policy table th {
                            background-color: #F8F8F8;
                        }
                    
            .ot-floating-button__front{background-image:url('https://cdn.cookielaw.org/logos/static/ot_persistent_cookie_icon.png')}</style><script type="text/javascript" class="optanon-category-C0004" defer="" src="./Browse Aisles - Meat _ Stop &amp; Shop_files/f.txt"></script><script src="./Browse Aisles - Meat _ Stop &amp; Shop_files/js(1)" class="optanon-category-C0004 "></script><script src="./Browse Aisles - Meat _ Stop &amp; Shop_files/js(2)" class="optanon-category-C0004 "></script><script type="text/javascript" async="" src="./Browse Aisles - Meat _ Stop &amp; Shop_files/f(1).txt" class="optanon-category-C0004 "></script><script type="text/javascript" async="" src="./Browse Aisles - Meat _ Stop &amp; Shop_files/f(2).txt" class="optanon-category-C0004 "></script><script type="text/javascript" async="" src="./Browse Aisles - Meat _ Stop &amp; Shop_files/f(3).txt"></script><script type="text/javascript" async="" src="./Browse Aisles - Meat _ Stop &amp; Shop_files/f(4).txt"></script><script type="text/javascript" async="" src="./Browse Aisles - Meat _ Stop &amp; Shop_files/f(5).txt"></script><script type="text/javascript" async="" src="./Browse Aisles - Meat _ Stop &amp; Shop_files/f(6).txt"></script><script id="gbConfig" src="./Browse Aisles - Meat _ Stop &amp; Shop_files/config.js.download"></script><script src="./Browse Aisles - Meat _ Stop &amp; Shop_files/17397085.js.download" type="text/javascript" async="" data-ueto="ueto_4c5ec398ac" class="optanon-category-C0004 ot-vscat-C0004 "></script><meta http-equiv="origin-trial" content="AlK2UR5SkAlj8jjdEc9p3F3xuFYlF6LYjAML3EOqw1g26eCwWPjdmecULvBH5MVPoqKYrOfPhYVL71xAXI1IBQoAAAB8eyJvcmlnaW4iOiJodHRwczovL2RvdWJsZWNsaWNrLm5ldDo0NDMiLCJmZWF0dXJlIjoiV2ViVmlld1hSZXF1ZXN0ZWRXaXRoRGVwcmVjYXRpb24iLCJleHBpcnkiOjE3NTgwNjcxOTksImlzU3ViZG9tYWluIjp0cnVlfQ=="><meta http-equiv="origin-trial" content="Amm8/NmvvQfhwCib6I7ZsmUxiSCfOxWxHayJwyU1r3gRIItzr7bNQid6O8ZYaE1GSQTa69WwhPC9flq/oYkRBwsAAACCeyJvcmlnaW4iOiJodHRwczovL2dvb2dsZXN5bmRpY2F0aW9uLmNvbTo0NDMiLCJmZWF0dXJlIjoiV2ViVmlld1hSZXF1ZXN0ZWRXaXRoRGVwcmVjYXRpb24iLCJleHBpcnkiOjE3NTgwNjcxOTksImlzU3ViZG9tYWluIjp0cnVlfQ=="><meta http-equiv="origin-trial" content="A9wSqI5i0iwGdf6L1CERNdmsTPgVu44ewj8QxTBYgsv1LCPUVF7YmWOvTappqB1139jAymxUW/RO8zmMqo4zlAAAAACNeyJvcmlnaW4iOiJodHRwczovL2RvdWJsZWNsaWNrLm5ldDo0NDMiLCJmZWF0dXJlIjoiRmxlZGdlQmlkZGluZ0FuZEF1Y3Rpb25TZXJ2ZXIiLCJleHBpcnkiOjE3MzY4MTI4MDAsImlzU3ViZG9tYWluIjp0cnVlLCJpc1RoaXJkUGFydHkiOnRydWV9"><meta http-equiv="origin-trial" content="A+d7vJfYtay4OUbdtRPZA3y7bKQLsxaMEPmxgfhBGqKXNrdkCQeJlUwqa6EBbSfjwFtJWTrWIioXeMW+y8bWAgQAAACTeyJvcmlnaW4iOiJodHRwczovL2dvb2dsZXN5bmRpY2F0aW9uLmNvbTo0NDMiLCJmZWF0dXJlIjoiRmxlZGdlQmlkZGluZ0FuZEF1Y3Rpb25TZXJ2ZXIiLCJleHBpcnkiOjE3MzY4MTI4MDAsImlzU3ViZG9tYWluIjp0cnVlLCJpc1RoaXJkUGFydHkiOnRydWV9"><script src="./Browse Aisles - Meat _ Stop &amp; Shop_files/f(7).txt" async=""></script><link href="https://securepubads.g.doubleclick.net/pagead/managed/dict/m202506100101/gpt" rel="compression-dictionary"><script id="_cls_detector" src="./Browse Aisles - Meat _ Stop &amp; Shop_files/detector-bootstrap.min.js.download" type="module"></script><script src="./Browse Aisles - Meat _ Stop &amp; Shop_files/RC1b021884900f4274b1d35e2ad09ec99b-source.min.js.download" async=""></script><script src="./Browse Aisles - Meat _ Stop &amp; Shop_files/RCb22a096e27924282be856abaf765e861-source.min.js.download" async=""></script><script src="./Browse Aisles - Meat _ Stop &amp; Shop_files/RC9dbc874a72f74cd2ae8997eb581837e9-source.min.js.download" async=""></script><meta http-equiv="origin-trial" content="A7JYkbIvWKmS8mWYjXO12SIIsfPdI7twY91Y3LWOV/YbZmN1ZhYv8O+Zs6/IPCfBE99aV9tIC8sWZSCN09vf7gkAAACWeyJvcmlnaW4iOiJodHRwczovL2N0LnBpbnRlcmVzdC5jb206NDQzIiwiZmVhdHVyZSI6IkRpc2FibGVUaGlyZFBhcnR5U3RvcmFnZVBhcnRpdGlvbmluZzIiLCJleHBpcnkiOjE3NDIzNDIzOTksImlzU3ViZG9tYWluIjp0cnVlLCJpc1RoaXJkUGFydHkiOnRydWV9"><script charset="utf-8" src="./Browse Aisles - Meat _ Stop &amp; Shop_files/8.f7f3f96fda4e8ae2ec25.chunk.js.download"></script><script charset="utf-8" src="./Browse Aisles - Meat _ Stop &amp; Shop_files/8.f7f3f96fda4e8ae2ec25.chunk.js.download"></script><script charset="utf-8" src="./Browse Aisles - Meat _ Stop &amp; Shop_files/5.b28b512822db7aea0f34.chunk.js.download"></script><script charset="utf-8" src="./Browse Aisles - Meat _ Stop &amp; Shop_files/1.842756d0f58e83e6a48f.chunk.js.download"></script><script charset="utf-8" src="./Browse Aisles - Meat _ Stop &amp; Shop_files/5.b28b512822db7aea0f34.chunk.js.download"></script><script charset="utf-8" src="./Browse Aisles - Meat _ Stop &amp; Shop_files/1.842756d0f58e83e6a48f.chunk.js.download"></script><script type="text/javascript" async="" src="./Browse Aisles - Meat _ Stop &amp; Shop_files/f(8).txt" class="optanon-category-C0004 "></script><script type="text/javascript" async="" src="./Browse Aisles - Meat _ Stop &amp; Shop_files/f(9).txt"></script><script type="text/javascript" async="" src="./Browse Aisles - Meat _ Stop &amp; Shop_files/f(10).txt"></script><script src="./Browse Aisles - Meat _ Stop &amp; Shop_files/js(3)" class="optanon-category-C0004 "></script><script type="text/javascript" async="" src="./Browse Aisles - Meat _ Stop &amp; Shop_files/f(11).txt" class="optanon-category-C0004 "></script><script type="text/javascript" async="" src="./Browse Aisles - Meat _ Stop &amp; Shop_files/f(12).txt"></script><script type="text/javascript" async="" src="./Browse Aisles - Meat _ Stop &amp; Shop_files/f(13).txt"></script><script src="./Browse Aisles - Meat _ Stop &amp; Shop_files/js(4)" class="optanon-category-C0004 "></script><script type="text/javascript" async="" src="./Browse Aisles - Meat _ Stop &amp; Shop_files/f(14).txt" class="optanon-category-C0004 "></script><script type="text/javascript" async="" src="./Browse Aisles - Meat _ Stop &amp; Shop_files/f(15).txt"></script><script type="text/javascript" async="" src="./Browse Aisles - Meat _ Stop &amp; Shop_files/f(16).txt"></script><script src="./Browse Aisles - Meat _ Stop &amp; Shop_files/js(5)" class="optanon-category-C0004 "></script><script type="text/javascript" async="" src="./Browse Aisles - Meat _ Stop &amp; Shop_files/f(17).txt" class="optanon-category-C0004 "></script><script type="text/javascript" async="" src="./Browse Aisles - Meat _ Stop &amp; Shop_files/f(18).txt"></script><script type="text/javascript" async="" src="./Browse Aisles - Meat _ Stop &amp; Shop_files/f(19).txt"></script><script src="./Browse Aisles - Meat _ Stop &amp; Shop_files/js(6)" class="optanon-category-C0004 "></script><script type="text/javascript" async="" src="./Browse Aisles - Meat _ Stop &amp; Shop_files/f(20).txt" class="optanon-category-C0004 "></script><script type="text/javascript" async="" src="./Browse Aisles - Meat _ Stop &amp; Shop_files/f(21).txt"></script><script type="text/javascript" async="" src="./Browse Aisles - Meat _ Stop &amp; Shop_files/f(22).txt"></script><script src="./Browse Aisles - Meat _ Stop &amp; Shop_files/js(7)" class="optanon-category-C0004 "></script><script type="text/javascript" async="" src="./Browse Aisles - Meat _ Stop &amp; Shop_files/f(23).txt" class="optanon-category-C0004 "></script><script type="text/javascript" async="" src="./Browse Aisles - Meat _ Stop &amp; Shop_files/f(24).txt"></script><script type="text/javascript" async="" src="./Browse Aisles - Meat _ Stop &amp; Shop_files/f(25).txt"></script><script src="./Browse Aisles - Meat _ Stop &amp; Shop_files/js(8)" class="optanon-category-C0004 "></script><script type="text/javascript" async="" src="./Browse Aisles - Meat _ Stop &amp; Shop_files/f(26).txt" class="optanon-category-C0004 "></script><script type="text/javascript" async="" src="./Browse Aisles - Meat _ Stop &amp; Shop_files/f(27).txt"></script><script type="text/javascript" async="" src="./Browse Aisles - Meat _ Stop &amp; Shop_files/f(28).txt"></script><script src="./Browse Aisles - Meat _ Stop &amp; Shop_files/js(9)" class="optanon-category-C0004 "></script></head>
<body data-new-gr-c-s-check-loaded="14.1239.0" data-gr-ext-installed="" style="padding-top: 80px;" class="">
    
    


    
    <!-- BEGIN Google Tag Manager noscript -->
    <noscript>
        <iframe
            title=""
            src="https://www.googletagmanager.com/ns.html?id=GTM-PTR8VBJ"
            height="0"
            width="0"
            style="display:none;visibility:hidden">
        </iframe>
    </noscript>
    <!-- END Google Tag Manager noscript -->


    <div id="app"></div>
    <div id="shared" data-v-app=""><div id="app" tabindex="-1" class="outline-0"><div class="alert" aria-hidden="false"><!--v-if--><!--v-if--></div><!--v-if--><a id="skip-nav" class="skip-nav" href="https://stopandshop.com/#" aria-hidden="false"> Skip to Main Content </a><!--v-if--><div is-mobile="false" is-tablet="true" aria-hidden="false"><div class="global-header-base !w-full"><header><!--v-if--><div class="global-header !border-none" is-new-nav-design-enabled="true"><nav class="global-header_nav global-header_nav--main spyglass-nav-group_wrapper mx-auto max-w-[192rem]" aria-label="Main Menu"><!--v-if--><!--v-if--><button id="menu-button" aria-label="Menu" aria-expanded="false" aria-haspopup="true" class="menu-button hidden-above-1200"><div class="menu-button_icon"><svg xmlns="http://www.w3.org/2000/svg" class="" aria-label="menu" viewBox="0 0 38 32" role="presentation" aria-hidden="true" focusable="false"><title lang="en">menu</title><desc></desc><g fill="" stroke=""><path d="M37.38 30.82H0v-4h37.38zm0-13.42H0v-4h37.38zm0-13.42H0V0h37.38z" fill="#001919"></path></g></svg></div></button><div class="global-header_logo-container flex"><!--v-if--><a id="brand-logo_link" href="https://stopandshop.com/#" aria-label="Home" class=""><div class="vector-icon-sns-logo"><svg xmlns="http://www.w3.org/2000/svg" class="" aria-label="Stop and Shop Logo" viewBox="0 0 170 32" role="presentation" aria-hidden="true" focusable="false"><title lang="en">Stop and Shop Logo</title><desc></desc><g fill="" stroke=""><g><g><path fill="#e7004c" d="M13.399 9.376a6.166 6.166 0 1 1-12.332 0 6.166 6.166 0 0 1 12.332 0z"></path><path fill="#86c300" d="M13.399 23.321a6.166 6.166 0 1 1-12.332 0 6.166 6.166 0 0 1 12.332 0z"></path><path fill="#636569" d="m16.284 20.907 2.018-2.41c1.308 1.027 2.727 1.569 4.241 1.569.99 0 1.513-.336 1.513-.897v-.037c0-.56-.427-.841-2.223-1.27-2.784-.635-4.932-1.42-4.932-4.091v-.037c0-2.429 1.92-4.186 5.062-4.186 2.224 0 3.962.598 5.381 1.738l-1.813 2.56c-1.196-.86-2.503-1.29-3.662-1.29-.878 0-1.308.355-1.308.841v.044c0 .598.448.86 2.279 1.27 2.987.654 4.857 1.626 4.857 4.073v.037c0 2.672-2.111 4.259-5.286 4.259-2.316-.003-4.501-.732-6.127-2.173zM33.004 12.951H28.8V9.774h12.053v3.177h-4.225v9.901h-3.627zM41.63 16.352v-.032c0-3.756 3.026-6.801 7.061-6.801s7.024 3.008 7.024 6.763v.038c0 3.755-3.026 6.8-7.061 6.8s-7.024-3.013-7.024-6.768zm10.368 0v-.032c0-1.906-1.345-3.532-3.344-3.532s-3.321 1.601-3.321 3.488v.044c0 1.886 1.364 3.53 3.362 3.53 1.977-.01 3.302-1.61 3.302-3.498zM57.571 9.775h5.623c3.289 0 5.418 1.7 5.418 4.577v.037c0 3.102-2.372 4.727-5.604 4.727h-1.813v3.733h-3.627zm5.362 6.507c1.27 0 2.074-.691 2.074-1.718v-.037c0-1.121-.803-1.7-2.093-1.7h-1.718v3.456zM82.505 20.907l2.018-2.41c1.308 1.027 2.727 1.569 4.241 1.569.99 0 1.513-.336 1.513-.897v-.037c0-.56-.427-.841-2.223-1.27-2.784-.635-4.932-1.42-4.932-4.091v-.037c0-2.429 1.92-4.186 5.062-4.186 2.224 0 3.962.598 5.381 1.738l-1.813 2.56c-1.196-.86-2.503-1.29-3.662-1.29-.878 0-1.308.355-1.308.841v.044c0 .598.448.86 2.279 1.27 2.987.654 4.857 1.626 4.857 4.073v.037c0 2.672-2.111 4.259-5.286 4.259-2.316-.003-4.501-.732-6.127-2.173zM95.954 9.775h3.627v4.895h4.206V9.775h3.627v13.077h-3.627v-4.969h-4.203v4.969h-3.627zM109.356 16.352v-.032c0-3.756 3.026-6.801 7.061-6.801s7.025 3.008 7.025 6.763v.038c0 3.755-3.027 6.8-7.061 6.8s-7.025-3.013-7.025-6.768zm10.368 0v-.032c0-1.906-1.345-3.532-3.343-3.532s-3.326 1.606-3.326 3.493v.038c0 1.886 1.363 3.53 3.362 3.53 1.983-.01 3.307-1.61 3.307-3.498zM125.298 9.775h5.622c3.289 0 5.418 1.7 5.418 4.577v.037c0 3.102-2.372 4.727-5.604 4.727h-1.813v3.733h-3.627zm5.361 6.507c1.27 0 2.074-.691 2.074-1.718v-.037c0-1.121-.803-1.7-2.092-1.7h-1.719v3.456zM78.426 22.852l-.986-.986a4.151 4.151 0 0 1-1.255.912l-.025.011a4.64 4.64 0 0 1-1.944.42l-.073-.001h.004-.012a6.133 6.133 0 0 1-1.596-.21l.043.01a4.274 4.274 0 0 1-1.387-.695l.011.008a3.504 3.504 0 0 1-.934-1.095l-.009-.018a2.906 2.906 0 0 1-.359-1.408l.001-.079v.004-.031c0-.377.074-.737.208-1.067l-.007.019c.136-.336.318-.625.543-.875l-.002.003c.229-.254.489-.475.775-.658l.015-.009c.259-.171.559-.339.872-.486l.045-.019a4.418 4.418 0 0 1-.828-1.117l-.011-.024a2.934 2.934 0 0 1-.32-1.343v-.046.002c0-.533.081-.994.3-1.374.216-.375.499-.687.835-.93l.009-.006c.332-.237.72-.42 1.138-.528l.024-.005a5.024 5.024 0 0 1 1.271-.166h.001c.46 0 .906.064 1.328.184l-.034-.008c.435.118.815.305 1.149.55l-.01-.007c.33.258.598.578.79.944l.008.016c.193.368.307.805.307 1.268l-.001.072v-.004l.001.082c0 .341-.061.668-.173.97l.006-.019a2.695 2.695 0 0 1-.5.815l.002-.003c-.224.267-.47.502-.741.708l-.011.008a5.19 5.19 0 0 1-.757.481l-.029.014 1.285 1.28 1.082-1.589h3.018l-2.432 3.266 2.859 2.759zm-4.601-4.703a2.375 2.375 0 0 0-.778.515 1.221 1.221 0 0 0-.376.957v-.003a.992.992 0 0 0 .121.538l-.003-.005c.093.18.215.333.361.458l.002.002a1.6 1.6 0 0 0 .491.285l.011.003c.144.051.31.081.483.081l.053-.001h-.003a1.753 1.753 0 0 0 .915-.224l-.009.005c.273-.141.501-.334.678-.568l.004-.005zm2.034-3.972v-.026a1.007 1.007 0 0 0-1.07-1.005h.003-.025c-.287 0-.548.112-.741.295h.001a.986.986 0 0 0-.283.693l.002.057v-.003c.003.268.082.517.217.727l-.003-.006c.162.285.364.527.601.729l.004.003c.356-.144.661-.342.921-.588l-.001.001c.232-.214.377-.519.377-.858v-.019.001z"></path></g><!--v-if--><!--v-if--><!--v-if--><!--v-if--><!--v-if--><!--v-if--></g></g></svg></div></a></div><!--v-if--><div class="global-header_dropdown-container"><ul class="global-header_list visible-above-1200" aria-label="Main"><li class="nav-item global-header_nav-item"><button id="nav-browse-aisles" class="nav-item_button" aria-haspopup="" aria-expanded="false">Browse Aisles <!--v-if--><div class="nav-item_caret"><div class="vector-icon-size--medium vector-icon-stroke--prime"><svg xmlns="http://www.w3.org/2000/svg" class="" aria-label="down arrow" viewBox="0 0 32 32" role="presentation" aria-hidden="true" focusable="false"><title lang="en">down arrow</title><desc></desc><g fill="" stroke=""><polyline fill="none" stroke-width="3" stroke-linecap="square" transform="translate(16.485250, 16.242750) rotate(-270.000000) translate(-16.485250, -16.242750) " points="12.2425 7.7575 20.728 16.2425 12.2425 24.728"></polyline></g></svg></div></div><div class="nav-item_caret" style="display: none;"><div class="vector-icon-size--medium vector-icon-stroke--prime"><svg xmlns="http://www.w3.org/2000/svg" class="" aria-label="down up" viewBox="0 0 32 32" role="presentation" aria-hidden="true" focusable="false"><title lang="en">down up</title><desc></desc><g fill="" stroke=""><polyline fill="none" stroke-width="3" stroke-linecap="square" transform="translate(16.485250, 16.242750) rotate(-90.000000) translate(-16.485250, -16.242750) " points="12.2425 7.7575 20.728 16.2425 12.2425 24.728"></polyline></g></svg></div></div></button><!--v-if--></li><li class="nav-item global-header_nav-item"><button id="nav-my-shop" class="nav-item_button" aria-haspopup="" aria-expanded="false">My Shop <!--v-if--><div class="nav-item_caret"><div class="vector-icon-size--medium vector-icon-stroke--prime"><svg xmlns="http://www.w3.org/2000/svg" class="" aria-label="down arrow" viewBox="0 0 32 32" role="presentation" aria-hidden="true" focusable="false"><title lang="en">down arrow</title><desc></desc><g fill="" stroke=""><polyline fill="none" stroke-width="3" stroke-linecap="square" transform="translate(16.485250, 16.242750) rotate(-270.000000) translate(-16.485250, -16.242750) " points="12.2425 7.7575 20.728 16.2425 12.2425 24.728"></polyline></g></svg></div></div><div class="nav-item_caret" style="display: none;"><div class="vector-icon-size--medium vector-icon-stroke--prime"><svg xmlns="http://www.w3.org/2000/svg" class="" aria-label="down up" viewBox="0 0 32 32" role="presentation" aria-hidden="true" focusable="false"><title lang="en">down up</title><desc></desc><g fill="" stroke=""><polyline fill="none" stroke-width="3" stroke-linecap="square" transform="translate(16.485250, 16.242750) rotate(-90.000000) translate(-16.485250, -16.242750) " points="12.2425 7.7575 20.728 16.2425 12.2425 24.728"></polyline></g></svg></div></div></button><!--v-if--></li></ul><!--v-if--></div><div class="global-header_resizable-section"><div class="global-header_search"><form action="https://stopandshop.com/#" class="typeahead-container" tabindex="-1"><div id="typeahead-container_input" class="typeahead-container_input spyglass-nav-group_wrapper"><div class="typeahead-container_input-field"><div class="global-search-bar-wrapper"><div class="input-wrapper !bg-gray-50 !h-16 !rounded-full"><div class="vector-icon-size--small typeahead-container_input-search-icon search-icon"><svg xmlns="http://www.w3.org/2000/svg" class="" aria-label="Search" viewBox="0 0 28 28" role="presentation" aria-hidden="true" focusable="false"><title lang="en">Search</title><desc></desc><g fill="" stroke=""><g class="stroke-gray-600"><circle fill="none" cx="13.88" cy="13.66" r="9.28"></circle><line x1="25.85" y1="25.63" x2="20.77" y2="20.54"></line></g></g></svg></div><!-- eslint-disable vue/use-v-on-exact --><input id="typeahead-search-input" class="search-input !rounded-[inherit] !bg-gray-50 p-0 !pl-2 !ml-6 !h-16 w-full" type="search" autocomplete="off" aria-label="Search" spellcheck="false" autocorrect="off" autocapitalize="off" aria-autocomplete="false" aria-expanded="false" aria-describedby="searchDescription" value="" placeholder="Search groceries &amp; household items"><!--v-if--><!--v-if--><!--v-if--><!-- search button for desktop --><!--v-if--><!-- search button for tablet --><!--v-if--><!--v-if--><div id="searchDescription" class="sr-only"> When results are available, use the up and down keys to review and the enter key to select. </div></div><!--v-if--><!--v-if--></div><aside class="typeahead-container_search-container typeahead-container_search-container--tilePreview top-24 !z-30 !border !border-gray-100 border-none" role="none"><!--v-if--><!--v-if--><!--v-if--></aside></div><!--v-if--><!--v-if--></div></form></div></div><div class="global-header_account-container spyglass-nav-group_wrapper flex items-center space-evenly"><button id="header-account-button" aria-expanded="false" aria-haspopup="true" class="items-center hidden lg:flex flex-row text-sm font-normal p-4 flex-row" opco="STSH"><!--v-if--> Sign In <div class="nav-item_caret ml-1"><div class="vector-icon-size--xsmall stroke-black"><svg xmlns="http://www.w3.org/2000/svg" class="" aria-label="down arrow" viewBox="0 0 32 32" role="presentation" aria-hidden="true" focusable="false"><title lang="en">down arrow</title><desc></desc><g fill="" stroke=""><polyline fill="none" stroke-width="3" stroke-linecap="square" transform="translate(16.485250, 16.242750) rotate(-270.000000) translate(-16.485250, -16.242750) " points="12.2425 7.7575 20.728 16.2425 12.2425 24.728"></polyline></g></svg></div></div><div class="nav-item_caret ml-1" style="display: none;"><div class="vector-icon-size--xsmall stroke-black stroke-4"><svg xmlns="http://www.w3.org/2000/svg" class="" aria-label="down up" viewBox="0 0 32 32" role="presentation" aria-hidden="true" focusable="false"><title lang="en">down up</title><desc></desc><g fill="" stroke=""><polyline fill="none" stroke-width="3" stroke-linecap="square" transform="translate(16.485250, 16.242750) rotate(-90.000000) translate(-16.485250, -16.242750) " points="12.2425 7.7575 20.728 16.2425 12.2425 24.728"></polyline></g></svg></div></div></button><!--v-if--><div class="hidden lg:block border-l border-solid border-gray-100 h-10"></div><li class="nav-item global-header_nav-item hidden lg:block pl-4 font-normal text-sm"><a id="nav-shopping-list" class="!font-normal my-0 text-black" href="https://stopandshop.com/#" target="false" rel="" aria-haspopup="" aria-expanded="false">Shopping List <!--v-if--><!--v-if--><!--v-if--></a><!--v-if--></li><!--v-if--></div><button class="btn btn--primary cart-btn btn--small global-header_cart-button-container !h-16 rounded-full" aria-label="Cart Subtotal $0.00" cart-amount="0"><div class="cart-button-content"><!--v-if--><div class="cart-button-content_text">$0.00</div><div class="shrink-0 h-7 w-8 self-baseline"><svg xmlns="http://www.w3.org/2000/svg" class="" aria-label="cart" viewBox="0 0 32 32" role="presentation" aria-hidden="true" focusable="false"><title lang="en">cart</title><desc></desc><g fill="white" stroke=""><path d="M6.05852374 28.06075a2.0049179 2.00375 0 1 0 2.0049179-2.00375 2.0049179 2.00375 0 0 0-2.0049179 2.00375zm18.0092407 0a2.0049179 2.00375 0 1 0 2.0049179-2.00375 2.0049179 2.00375 0 0 0-1.9961628 2.00375zM-.00000546 3.062a.9980814.9975 0 0 0 .9980814 1.00625h2.0837138l1.2432242 5.31125 1.75102 8.68875a1.8473261 1.84625 0 0 0 .0437755.21l-1.0331018 4.5675a.963061.9625 0 0 0 0 .21875.9980814.9975 0 0 0 .9980814.9975h22.675709a1.00245895 1.001875 0 1 0 0-2.00375h-21.449995l.4552652-2.05625.2889183.06125h18.5170365a2.0749587 2.07375 0 0 0 1.9961628-1.505l3.2568972-9.975a1.75102 1.75 0 0 0 .175102-.77 1.75102 1.75 0 0 0-1.75102-1.75H6.05852374a1.9086118 1.9075 0 0 0-.4552652.09625l-.7616937-3.325a1.0068365 1.00625 0 0 0-.9718161-.77H.99807594a.9980814.9975 0 0 0-.9980814.9975zm6.12857 5.005h23.7963618l-3.1956115 9.8a1.75102 1.75 0 0 1-.0963061.20125H8.06344164v-.39375z"></path></g></svg></div></div></button></nav></div><!--v-if--><!--v-if--><!--v-if--></header><div class="global-header-base_scroll-section" style="transform: translateY(0px);"><!--v-if--><!--v-if--><!--v-if--><!--v-if--><!--v-if--></div><!--v-if--></div><!--v-if--><!--v-if--></div><div aria-live="assertive"><div aria-live="assertive" class="fixed flex flex-col items-start z-10 gap-10 max-w-[45.5rem] top-84 right-8"></div></div><div><!--v-if--><!--v-if--></div><div id="rokt-ad"></div><div tabindex="-1" class="pdl-page clearfix" aria-hidden="false"><div id="main" role="main" class="flex-content_container product-view_browse-pill-aisles"><div class="mb-14"><div class="bg-[#F8F8F8]"><div class="relative max-w-[192rem] mx-auto"><button class="absolute left-3 w-16 h-full z-50" aria-label="Previous Categories" style="display: none;"><div class=""><svg xmlns="http://www.w3.org/2000/svg" class="vector-icon-stroke--prime" aria-label="Previous Categories" viewBox="0 0 32 32" role="presentation" aria-hidden="true" focusable="false"><title lang="en">Previous Categories</title><desc></desc><g fill="" stroke=""><path fill="none" stroke-width="2" stroke-linecap="round" d="M20 15H10M13 19.5l-3.793-3.793a1 1 0 0 1 0-1.414L13 10.5" aria-label="Scroll left to view previous categories" tabindex="0"></path></g></svg></div></button><div class="flex flex-row flex-nowrap h-[9.5rem] w-full bg-[#F8F8F8] border-b border-solid border-gray-100 border-t"><div class="absolute top-0 -left-4 mt-0.5 z-40 w-44 h-[95%] category-nav_previous-button-gradient pointer-events-none" style="display: none;"></div><ul class="flex flex-row flex-nowrap overflow-auto category-nav max-w-[192rem] mx-auto" role="menu"><li class="cursor-pointer" role="menuitem" tabindex="0" data-index="0"><div id="nav-For You" class="w-[9.8rem] h-full flex text-center ml-6"><div class="flex flex-col w-full hover:bg-gray-100 items-center px-2"><div class="h-12 w-12 mx-12 mt-8 bg-contain bg-center bg-no-repeat" style="background-image: url(&quot;https://i5.peapod.com/c/X8/X8HOZ.png&quot;);"></div><span class="flex mt-3 h-1/3 text-[1.3rem] leading-[1.4rem] text-gray-900">For You <!--v-if--></span><!--v-if--></div><!--v-if--></div></li><li class="cursor-pointer" role="menuitem" tabindex="0" data-index="1"><div id="nav-Deal Lock" class="w-[9.8rem] h-full flex text-center"><div class="flex flex-col w-full hover:bg-gray-100 items-center px-2"><div class="h-12 w-12 mx-12 mt-8 bg-contain bg-center bg-no-repeat" style="background-image: url(&quot;https://i5.peapod.com/c/M4/M4HKA.png&quot;);"></div><span class="flex mt-3 h-1/3 text-[1.3rem] leading-[1.4rem] text-gray-900">Deal Lock <!--v-if--></span><!--v-if--></div><!--v-if--></div></li><li class="cursor-pointer" role="menuitem" tabindex="0" data-index="2"><div id="nav-Summer Grilling" class="w-[9.8rem] h-full flex text-center"><div class="flex flex-col w-full hover:bg-gray-100 items-center px-2"><div class="h-12 w-12 mx-12 mt-8 bg-contain bg-center bg-no-repeat" style="background-image: url(&quot;https://i5.peapod.com/c/JY/JYOAB.png&quot;);"></div><span class="flex mt-3 h-1/3 text-[1.3rem] leading-[1.4rem] text-gray-900">Summer Grilling <!--v-if--></span><!--v-if--></div><!--v-if--></div></li><li class="cursor-pointer" role="menuitem" tabindex="0" data-index="3"><div id="nav-View More" class="w-[9.8rem] h-full flex text-center"><div class="flex flex-col w-full hover:bg-gray-100 items-center px-2"><div class="h-12 w-12 mx-12 mt-8 bg-contain bg-center bg-no-repeat" style="background-image: url(&quot;https://i5.peapod.com/c/IO/IOA13.png&quot;);"></div><span class="flex mt-3 h-1/3 text-[1.3rem] leading-[1.4rem] text-gray-900">View More <div class="vector-icon-size--small stroke-black ml-2"><svg xmlns="http://www.w3.org/2000/svg" class="" aria-label="down arrow" viewBox="0 0 40 40" role="presentation" aria-hidden="true" focusable="false"><title lang="en">down arrow</title><desc></desc><g fill="" stroke=""><!--v-if--><polyline fill="none" stroke-width="3" stroke-linecap="square" transform="translate(16.485250, 16.242750) rotate(-270.000000) translate(-16.485250, -16.242750) " points="12.2425 7.7575 20.728 16.2425 12.2425 24.728"></polyline></g></svg></div></span><!--v-if--></div><!--v-if--></div></li><li class="cursor-pointer" role="" tabindex="-1" data-index="4"><div class="h-28 mt-5 border-l border-solid border-gray-100 mx-4"></div></li><li class="cursor-pointer" role="menuitem" tabindex="0" data-index="5"><div id="nav-Produce" class="w-[9.8rem] h-full flex text-center"><div class="flex flex-col w-full hover:bg-gray-100 items-center px-2"><div class="h-12 w-12 mx-14 mt-8 bg-contain bg-center bg-no-repeat" style="background-image: url(&quot;https://i5.peapod.com/c/E8/E81HB.png&quot;);"></div><span class="flex mt-3 h-1/3 text-[1.3rem] leading-[1.4rem] text-gray-900">Produce <!--v-if--></span><!--v-if--></div><!--v-if--></div></li><li class="cursor-pointer" role="menuitem" tabindex="0" data-index="6"><div id="nav-Meat" class="w-[9.8rem] h-full flex text-center category-nav-redesign-active-state"><div class="flex flex-col w-full hover:bg-gray-100 items-center px-2 bg-gray-100"><div class="h-12 w-12 mx-14 mt-8 bg-contain bg-center bg-no-repeat" style="background-image: url(&quot;https://i5.peapod.com/c/WV/WVMY6.png&quot;);"></div><span class="flex mt-3 h-1/3 text-[1.3rem] leading-[1.4rem] text-gray-900 font-bold">Meat <!--v-if--></span><div class="w-12 border-2 border-solid border-primary mx-[2.25rem] mt-0.5"></div></div><!--v-if--></div></li><li class="cursor-pointer" role="menuitem" tabindex="0" data-index="7"><div id="nav-Seafood" class="w-[9.8rem] h-full flex text-center"><div class="flex flex-col w-full hover:bg-gray-100 items-center px-2"><div class="h-12 w-12 mx-14 mt-8 bg-contain bg-center bg-no-repeat" style="background-image: url(&quot;https://i5.peapod.com/c/VV/VVGUN.png&quot;);"></div><span class="flex mt-3 h-1/3 text-[1.3rem] leading-[1.4rem] text-gray-900">Seafood <!--v-if--></span><!--v-if--></div><!--v-if--></div></li><li class="cursor-pointer" role="menuitem" tabindex="0" data-index="8"><div id="nav-Deli &amp; Prepared Food" class="w-[9.8rem] h-full flex text-center"><div class="flex flex-col w-full hover:bg-gray-100 items-center px-2"><div class="h-12 w-12 mx-14 mt-8 bg-contain bg-center bg-no-repeat" style="background-image: url(&quot;https://i5.peapod.com/c/1S/1SBUN.png&quot;);"></div><span class="flex mt-3 h-1/3 text-[1.3rem] leading-[1.4rem] text-gray-900">Deli &amp; Prepared Food <!--v-if--></span><!--v-if--></div><!--v-if--></div></li><li class="cursor-pointer" role="menuitem" tabindex="0" data-index="9"><div id="nav-Dairy &amp; Eggs" class="w-[9.8rem] h-full flex text-center"><div class="flex flex-col w-full hover:bg-gray-100 items-center px-2"><div class="h-12 w-12 mx-14 mt-8 bg-contain bg-center bg-no-repeat" style="background-image: url(&quot;https://i5.peapod.com/c/70/70PCA.png&quot;);"></div><span class="flex mt-3 h-1/3 text-[1.3rem] leading-[1.4rem] text-gray-900">Dairy &amp; Eggs <!--v-if--></span><!--v-if--></div><!--v-if--></div></li><li class="cursor-pointer" role="menuitem" tabindex="0" data-index="10"><div id="nav-Beverages" class="w-[9.8rem] h-full flex text-center"><div class="flex flex-col w-full hover:bg-gray-100 items-center px-2"><div class="h-12 w-12 mx-14 mt-8 bg-contain bg-center bg-no-repeat" style="background-image: url(&quot;https://i5.peapod.com/c/VG/VGXHV.png&quot;);"></div><span class="flex mt-3 h-1/3 text-[1.3rem] leading-[1.4rem] text-gray-900">Beverages <!--v-if--></span><!--v-if--></div><!--v-if--></div></li><li class="cursor-pointer" role="menuitem" tabindex="0" data-index="11"><div id="nav-Bread &amp; Bakery" class="w-[9.8rem] h-full flex text-center"><div class="flex flex-col w-full hover:bg-gray-100 items-center px-2"><div class="h-12 w-12 mx-14 mt-8 bg-contain bg-center bg-no-repeat" style="background-image: url(&quot;https://i5.peapod.com/c/OX/OXZB9.png&quot;);"></div><span class="flex mt-3 h-1/3 text-[1.3rem] leading-[1.4rem] text-gray-900">Bread &amp; Bakery <!--v-if--></span><!--v-if--></div><!--v-if--></div></li><li class="cursor-pointer" role="menuitem" tabindex="0" data-index="12"><div id="nav-Frozen" class="w-[9.8rem] h-full flex text-center"><div class="flex flex-col w-full hover:bg-gray-100 items-center px-2"><div class="h-12 w-12 mx-14 mt-8 bg-contain bg-center bg-no-repeat" style="background-image: url(&quot;https://i5.peapod.com/c/FU/FUIJ3.png&quot;);"></div><span class="flex mt-3 h-1/3 text-[1.3rem] leading-[1.4rem] text-gray-900">Frozen <!--v-if--></span><!--v-if--></div><!--v-if--></div></li><li class="cursor-pointer" role="menuitem" tabindex="0" data-index="13"><div id="nav-Rice, Pasta &amp; Beans" class="w-[9.8rem] h-full flex text-center"><div class="flex flex-col w-full hover:bg-gray-100 items-center px-2"><div class="h-12 w-12 mx-14 mt-8 bg-contain bg-center bg-no-repeat" style="background-image: url(&quot;https://i5.peapod.com/c/K7/K77TX.png&quot;);"></div><span class="flex mt-3 h-1/3 text-[1.3rem] leading-[1.4rem] text-gray-900">Rice, Pasta &amp; Beans <!--v-if--></span><!--v-if--></div><!--v-if--></div></li><li class="cursor-pointer" role="menuitem" tabindex="0" data-index="14"><div id="nav-Baking &amp; Cooking" class="w-[9.8rem] h-full flex text-center"><div class="flex flex-col w-full hover:bg-gray-100 items-center px-2"><div class="h-12 w-12 mx-14 mt-8 bg-contain bg-center bg-no-repeat" style="background-image: url(&quot;https://i5.peapod.com/c/J0/J0IOV.png&quot;);"></div><span class="flex mt-3 h-1/3 text-[1.3rem] leading-[1.4rem] text-gray-900">Baking &amp; Cooking <!--v-if--></span><!--v-if--></div><!--v-if--></div></li><li class="cursor-pointer" role="menuitem" tabindex="0" data-index="15"><div id="nav-Condiments &amp; Sauces" class="w-[9.8rem] h-full flex text-center"><div class="flex flex-col w-full hover:bg-gray-100 items-center px-2"><div class="h-12 w-12 mx-14 mt-8 bg-contain bg-center bg-no-repeat" style="background-image: url(&quot;https://i5.peapod.com/c/RA/RAFNH.png&quot;);"></div><span class="flex mt-3 h-1/3 text-[1.3rem] leading-[1.4rem] text-gray-900">Condiments &amp; Sauces <!--v-if--></span><!--v-if--></div><!--v-if--></div></li><li class="cursor-pointer" role="menuitem" tabindex="0" data-index="16"><div id="nav-Soups &amp; Canned Goods" class="w-[9.8rem] h-full flex text-center"><div class="flex flex-col w-full hover:bg-gray-100 items-center px-2"><div class="h-12 w-12 mx-14 mt-8 bg-contain bg-center bg-no-repeat" style="background-image: url(&quot;https://i5.peapod.com/c/X3/X393E.png&quot;);"></div><span class="flex mt-3 h-1/3 text-[1.3rem] leading-[1.4rem] text-gray-900">Soups &amp; Canned Goods <!--v-if--></span><!--v-if--></div><!--v-if--></div></li><li class="cursor-pointer" role="menuitem" tabindex="0" data-index="17"><div id="nav-Breakfast" class="w-[9.8rem] h-full flex text-center"><div class="flex flex-col w-full hover:bg-gray-100 items-center px-2"><div class="h-12 w-12 mx-14 mt-8 bg-contain bg-center bg-no-repeat" style="background-image: url(&quot;https://i5.peapod.com/c/ZY/ZYWUS.png&quot;);"></div><span class="flex mt-3 h-1/3 text-[1.3rem] leading-[1.4rem] text-gray-900">Breakfast <!--v-if--></span><!--v-if--></div><!--v-if--></div></li><li class="cursor-pointer" role="menuitem" tabindex="0" data-index="18"><div id="nav-Snacks" class="w-[9.8rem] h-full flex text-center"><div class="flex flex-col w-full hover:bg-gray-100 items-center px-2"><div class="h-12 w-12 mx-14 mt-8 bg-contain bg-center bg-no-repeat" style="background-image: url(&quot;https://i5.peapod.com/c/QX/QXEMF.png&quot;);"></div><span class="flex mt-3 h-1/3 text-[1.3rem] leading-[1.4rem] text-gray-900">Snacks <!--v-if--></span><!--v-if--></div><!--v-if--></div></li><li class="cursor-pointer" role="menuitem" tabindex="0" data-index="19"><div id="nav-Candy &amp; Chocolate" class="w-[9.8rem] h-full flex text-center"><div class="flex flex-col w-full hover:bg-gray-100 items-center px-2"><div class="h-12 w-12 mx-14 mt-8 bg-contain bg-center bg-no-repeat" style="background-image: url(&quot;https://i5.peapod.com/c/4Z/4ZLWC.png&quot;);"></div><span class="flex mt-3 h-1/3 text-[1.3rem] leading-[1.4rem] text-gray-900">Candy &amp; Chocolate <!--v-if--></span><!--v-if--></div><!--v-if--></div></li><li class="cursor-pointer" role="menuitem" tabindex="0" data-index="20"><div id="nav-Adult Beverages" class="w-[9.8rem] h-full flex text-center"><div class="flex flex-col w-full hover:bg-gray-100 items-center px-2"><div class="h-12 w-12 mx-14 mt-8 bg-contain bg-center bg-no-repeat" style="background-image: url(&quot;https://i5.peapod.com/c/R3/R3GBT.png&quot;);"></div><span class="flex mt-3 h-1/3 text-[1.3rem] leading-[1.4rem] text-gray-900">Adult Beverages <!--v-if--></span><!--v-if--></div><!--v-if--></div></li><li class="cursor-pointer" role="menuitem" tabindex="0" data-index="21"><div id="nav-Laundry, Paper &amp; Cleaning" class="w-[9.8rem] h-full flex text-center"><div class="flex flex-col w-full hover:bg-gray-100 items-center px-2"><div class="h-12 w-12 mx-14 mt-8 bg-contain bg-center bg-no-repeat" style="background-image: url(&quot;https://i5.peapod.com/c/WB/WBA1R.png&quot;);"></div><span class="flex mt-3 h-1/3 text-[1.3rem] leading-[1.4rem] text-gray-900">Laundry, Paper &amp; Cleaning <!--v-if--></span><!--v-if--></div><!--v-if--></div></li><li class="cursor-pointer" role="menuitem" tabindex="0" data-index="22"><div id="nav-Home &amp; Office" class="w-[9.8rem] h-full flex text-center"><div class="flex flex-col w-full hover:bg-gray-100 items-center px-2"><div class="h-12 w-12 mx-14 mt-8 bg-contain bg-center bg-no-repeat" style="background-image: url(&quot;https://i5.peapod.com/c/WJ/WJPQ1.png&quot;);"></div><span class="flex mt-3 h-1/3 text-[1.3rem] leading-[1.4rem] text-gray-900">Home &amp; Office <!--v-if--></span><!--v-if--></div><!--v-if--></div></li><li class="cursor-pointer" role="menuitem" tabindex="0" data-index="23"><div id="nav-Floral &amp; Garden" class="w-[9.8rem] h-full flex text-center"><div class="flex flex-col w-full hover:bg-gray-100 items-center px-2"><div class="h-12 w-12 mx-14 mt-8 bg-contain bg-center bg-no-repeat" style="background-image: url(&quot;https://i5.peapod.com/c/IG/IGI2R.png&quot;);"></div><span class="flex mt-3 h-1/3 text-[1.3rem] leading-[1.4rem] text-gray-900">Floral &amp; Garden <!--v-if--></span><!--v-if--></div><!--v-if--></div></li><li class="cursor-pointer" role="menuitem" tabindex="0" data-index="24"><div id="nav-Health &amp; Beauty" class="w-[9.8rem] h-full flex text-center"><div class="flex flex-col w-full hover:bg-gray-100 items-center px-2"><div class="h-12 w-12 mx-14 mt-8 bg-contain bg-center bg-no-repeat" style="background-image: url(&quot;https://i5.peapod.com/c/TK/TKC7J.png&quot;);"></div><span class="flex mt-3 h-1/3 text-[1.3rem] leading-[1.4rem] text-gray-900">Health &amp; Beauty <!--v-if--></span><!--v-if--></div><!--v-if--></div></li><li class="cursor-pointer" role="menuitem" tabindex="0" data-index="25"><div id="nav-Baby" class="w-[9.8rem] h-full flex text-center"><div class="flex flex-col w-full hover:bg-gray-100 items-center px-2"><div class="h-12 w-12 mx-14 mt-8 bg-contain bg-center bg-no-repeat" style="background-image: url(&quot;https://i5.peapod.com/c/95/95ZGJ.png&quot;);"></div><span class="flex mt-3 h-1/3 text-[1.3rem] leading-[1.4rem] text-gray-900">Baby <!--v-if--></span><!--v-if--></div><!--v-if--></div></li><li class="cursor-pointer" role="menuitem" tabindex="0" data-index="26"><div id="nav-Pets" class="w-[9.8rem] h-full flex text-center mr-6"><div class="flex flex-col w-full hover:bg-gray-100 items-center px-2"><div class="h-12 w-12 mx-14 mt-8 bg-contain bg-center bg-no-repeat" style="background-image: url(&quot;https://i5.peapod.com/c/U6/U6KEQ.png&quot;);"></div><span class="flex mt-3 h-1/3 text-[1.3rem] leading-[1.4rem] text-gray-900">Pets <!--v-if--></span><!--v-if--></div><!--v-if--></div></li></ul><div class="absolute top-0 -right-4 mt-0.5 z-40 w-44 h-[95%] category-nav_next-button-gradient pointer-events-none" style=""></div><!--v-if--></div><button aria-label="Next Categories" class="absolute top-0 right-3 w-16 h-full z-50" tabindex="0" style=""><div class=""><svg xmlns="http://www.w3.org/2000/svg" class="vector-icon-stroke--prime" aria-label="Next Categories" viewBox="0 0 32 32" role="presentation" aria-hidden="true" focusable="false"><title lang="en">Next Categories</title><desc></desc><g fill="" stroke=""><path fill="none" stroke-width="2" stroke-linecap="round" d="M10 15h10M17 19.5l3.793-3.793a1 1 0 0 0 0-1.414L17 10.5" aria-label="Scroll right to view next categories"></path></g></svg></div></button></div></div></div><!--v-if--><!--v-if--><div class="max-w-[95%] mx-auto text-center"><h1 class="text-[2.8rem] font-bold leading-[3.2rem] text-gray-900 mb-2">Meat</h1></div><!--v-if--><div class=""><ul class="sub-category-pills_list"><li class="sub-category-pills_item sub-category-pills_item--active"> Featured </li><li class="spyglass-nav-group_wrapper sub-category-pills_item" data-index="0">Organic <!--v-if--></li><li class="spyglass-nav-group_wrapper sub-category-pills_item" data-index="1">New Arrivals <!--v-if--></li><li class="spyglass-nav-group_wrapper sub-category-pills_item" data-index="2">Summer Grilling <!--v-if--></li><li class="spyglass-nav-group_wrapper sub-category-pills_item" data-index="3">Beef <!--v-if--></li><li class="spyglass-nav-group_wrapper sub-category-pills_item" data-index="4">Chicken <!--v-if--></li><li class="spyglass-nav-group_wrapper sub-category-pills_item" data-index="5">Bacon &amp; Breakfast Sausages <!--v-if--></li><li class="spyglass-nav-group_wrapper sub-category-pills_item" data-index="6">Hot Dogs &amp; Sausages <!--v-if--></li><li class="spyglass-nav-group_wrapper sub-category-pills_item" data-index="7">Pork &amp; Ham <!--v-if--></li><li class="spyglass-nav-group_wrapper sub-category-pills_item" data-index="8">Frozen Meat <!--v-if--></li><li class="spyglass-nav-group_wrapper sub-category-pills_item" data-index="9">Ground Meats &amp; Burgers <!--v-if--></li><li class="spyglass-nav-group_wrapper sub-category-pills_item" data-index="10">Prepared Meat <!--v-if--></li><li class="spyglass-nav-group_wrapper sub-category-pills_item" data-index="11">Turkey <!--v-if--></li><li class="spyglass-nav-group_wrapper sub-category-pills_item" data-index="12">Meatballs <!--v-if--></li><li class="spyglass-nav-group_wrapper sub-category-pills_item" data-index="13">Plant-Based Meat <!--v-if--></li><li class="spyglass-nav-group_wrapper sub-category-pills_item" data-index="14">Lamb &amp; Specialty Meat <!--v-if--></li></ul></div><div class=""><!--v-if--><!--v-if--><div class="product-view-section product-sidebar-view"><!--v-if--><div><div class="product-view product-view-search"><!--v-if--><!--v-if--><div><div class="pdl-generic-content_container"><div class="pdl-generic-content_wrapper pdl-generic-content_container--max"><div class="pdl-generic-content_full"><!--v-if--><!--v-if--><!--v-if--><div class="product-view product-view-search" product-index="0"><div class="product-set spyglass-nav-group_wrapper pt-8"><!--v-if--><!--v-if--><div><!--v-if--><div class="zone-block zone-block-medium pb-6" aria-labelledby="zone-heading-17497327156715731" has-shopping-list-menu="true"><!--v-if--><div role="region" aria-label="On Sale in Meat" class="zone-block_content my-0 mx-auto"><div class="zone-block_header"><h2 id="zone-heading-17497327156715731" class="zone-block_title">On Sale in Meat</h2><button class="zone-block_link hover:underline mr-4 zone-block_link--zone-carousel" aria-label="View all products">View All</button></div><div class="pdl-carousel pdl-carousel--medium" carousel-name="On Sale in Meat"><!--v-if--><div class="pdl-carousel_row" tabindex="0"><div class="pdl-carousel_body"><div id="carousel-buttons" class=""><button class="button--reset pdl-carousel_trigger pdl-carousel_trigger--prev" aria-label="Previous slide" style="display: none;"><span class="block pdl-carousel_trigger-icon"><svg xmlns="http://www.w3.org/2000/svg" class="" aria-label="Previous" viewBox="0 0 32 32" role="presentation" aria-hidden="true" focusable="false"><title lang="en">Previous</title><desc></desc><g fill="" stroke="black"><path fill="none" d="M19.485 24.97 11 16.486 19.485 8"></path></g></svg></span><!--v-if--></button><button aria-label="Next slide" class="button--reset pdl-carousel_trigger pdl-carousel_trigger--next"><span class="block pdl-carousel_trigger-icon"><svg xmlns="http://www.w3.org/2000/svg" class="" aria-label="Next" viewBox="0 0 32 32" role="presentation" aria-hidden="true" focusable="false"><title lang="en">Next</title><desc></desc><g fill="" stroke="black"><path fill="none" d="m13.242 7.758 8.486 8.485-8.486 8.485"></path></g></svg></span><!--v-if--></button></div><div class="mt-4 pdl-carousel_container" style="min-height: auto;"><div class="pdl-carousel_slider" style="transform: translateX(0px); height: auto; position: relative;"><div tabindex="-1" class="pdl-carousel_item zone-block_carousel-item" style="height: auto; width: 697px;"><ul class="product-list product-list-triple pt-0 pdl-carousel_content" islastslide="false" itemcountpriorslide="[object Object]" index="0" style="height: auto;"><!-- eslint-disable vuejs-accessibility/mouse-events-have-key-events --><li tabindex="-1" data-product-id="163208" class="tile product-cell product-grid-cell mb-0"><!--v-if--><!--v-if--><!--v-if--><div class="product-tile_content"><div class="flag_outer-container"><div class=""><svg xmlns="http://www.w3.org/2000/svg" class="w-20 ml-3" aria-label="Sale" viewBox="0 0 32 32" role="presentation" aria-hidden="true" focusable="false"><title lang="en">Sale</title><desc></desc><g fill="" stroke=""><g><path d="M16.56 19.87a3.81 3.81 0 0 1-1-.13l-13.39-3.5a1.5 1.5 0 0 1-1.12-1.34l-.81-11a1.52 1.52 0 0 1 1.39-1.61l27.69-2h.11a1.51 1.51 0 0 1 1.5 1.4l.82 11a1.52 1.52 0 0 1-.91 1.5l-12.72 5.36a3.79 3.79 0 0 1-1.56.32Z" fill="#ed1256"></path><path fill="#fff" d="M29.43.48a1.26 1.26 0 0 1 1.26 1.17l.82 11a1.27 1.27 0 0 1-.76 1.26L18 19.34a3.72 3.72 0 0 1-1.47.3 3.79 3.79 0 0 1-.94-.12L2.24 16a1.27 1.27 0 0 1-1-1.13l-.81-11a1.26 1.26 0 0 1 1.22-1.33L29.34.48h.09m0-.48h-.13L1.62 2A1.76 1.76 0 0 0 0 3.92l.82 11a1.73 1.73 0 0 0 1.3 1.55L15.5 20a4.3 4.3 0 0 0 1.07.14 4.24 4.24 0 0 0 1.65-.34l12.72-5.44A1.76 1.76 0 0 0 32 12.59l-.82-11A1.76 1.76 0 0 0 29.43 0Z"></path><path fill="#fff" d="M3.74 9.87a3 3 0 0 0 .82.55 2.21 2.21 0 0 0 1.08.19 1.6 1.6 0 0 0 .29 0 1 1 0 0 0 .26-.12.58.58 0 0 0 .18-.2.62.62 0 0 0 0-.31.59.59 0 0 0-.32-.49 3.38 3.38 0 0 0-.85-.34L4.84 9a4.19 4.19 0 0 1-.69-.26 2.44 2.44 0 0 1-.63-.41 1.92 1.92 0 0 1-.7-1.42 2.68 2.68 0 0 1 .1-1A2.2 2.2 0 0 1 3.39 5a2.42 2.42 0 0 1 .82-.6 3.15 3.15 0 0 1 1.17-.28 3.68 3.68 0 0 1 1.72.24 3 3 0 0 1 .57.29A2.66 2.66 0 0 1 8 5l-.82 1.37a4.42 4.42 0 0 0-.82-.45 2 2 0 0 0-.85-.13 1.4 1.4 0 0 0-.28.06A.9.9 0 0 0 5 6a.62.62 0 0 0-.16.2.5.5 0 0 0 0 .28.6.6 0 0 0 .1.31.68.68 0 0 0 .24.2 1.27 1.27 0 0 0 .35.15l.43.13.35.09a7.49 7.49 0 0 1 .69.22 2.2 2.2 0 0 1 .72.42 2.46 2.46 0 0 1 .54.68 2.31 2.31 0 0 1 .27 1 2.15 2.15 0 0 1-.15 1 2.53 2.53 0 0 1-.56.84 2.77 2.77 0 0 1-.88.59 4 4 0 0 1-1.11.27A4.67 4.67 0 0 1 4 12.25a3.79 3.79 0 0 1-1.28-.75ZM11.29 3.89l2.17-.16 3.1 7.7-2 .15L14 10l-2.39.18-.35 1.67-2 .14Zm2.15 4.6-1-2.84-.61 2.95ZM17 3.47l1.89-.14.44 6 3.3-.25.16 1.92-5.19.39ZM23.36 3l5.13-.38.13 1.8-3.24.24.09 1.22 2.66-.2.12 1.7-2.65.2.09 1.35 3.46-.26.13 1.81-5.34.4Z"></path></g></g></svg></div><!--v-if--><!--v-if--><!--v-if--><!--v-if--></div><a href="https://stopandshop.com/product/stop-shop-all-natural-80-lean-20-fat-ground-beef-value-pack-fresh-apx-3.5-lb/163208" aria-hidden="true" tabindex="-1"><div><!--v-if--><img src="./Browse Aisles - Meat _ Stop &amp; Shop_files/UJQUC.png" alt="Stop &amp; Shop All Natural 80% Lean 20% Fat Ground Beef Value Pack Fresh APX 3.5 LB" class="product-grid-image object-contain product-grid-cell_main-image" skeleton-box-size="14rem"></div></a><div class="product-grid-cell_price-tag product-grid-cell_price-tag--full-tile"><div class="product-tile_detail"><div class="skeleton-loader_wrapper cursor-pointer"><!-- eslint-disable-next-line vuejs-accessibility/click-events-have-key-events --><div class="product-grid-cell_price-container product-grid-cell_price-container_column"><span class="sr-only">Stop &amp; Shop All Natural 80% Lean 20% Fat Ground Beef Value Pack Fresh</span><span class="product-grid-cell_main-price product-grid-cell_main-price--on-sale"><span class="sr-only"> Sale Price </span> $13.97</span><div class="product-grid-cell_was-container"><span class="product-grid-cell_regular-price mb-1 product-grid-cell_regular-price--small"><span class="sr-only"> Original Price </span> $18.52</span></div></div><!--v-if--></div><!--v-if--></div><button class="product-tile_detail-title"><div class="skeleton-loader_wrapper"><div class="product-grid-cell_name"><a id="product-name-163208-17497327346801328" class="product-grid-cell_name-text product-grid-cell_name-text--small product-grid-cell_name-text--clamp-2" href="https://stopandshop.com/product/stop-shop-all-natural-80-lean-20-fat-ground-beef-value-pack-fresh-apx-3.5-lb/163208" data-opens-modal="true" aria-haspopup="dialog"><span class="vector-icon_inline-text--left mr-0"><div class="vector-icon-size--xsmall"><svg xmlns="http://www.w3.org/2000/svg" class="" aria-label="Ahold Icon" viewBox="0 0 1024 945" role="presentation" aria-hidden="true" focusable="false"><title lang="en">Ahold Icon</title><desc></desc><g fill="" stroke=""><g><path d="M1.893 730.617c-1.289-2.094-2.052-4.631-2.052-7.346 0-.747.058-1.481.169-2.197.158-12.396 10.227-22.466 22.687-22.634h895.306c12.476.168 22.545 10.237 22.713 22.698-.521 3.721-1.182 6.924-2.024 10.053l.131-.574c-86.363 175.072-263.598 293.385-468.466 293.385S88.254 905.689 3.252 733.663l-1.361-3.046z" class="path1" fill="#F7A800"></path><path d="M107.889 132.495c1.893-1.893 1.893-3.786 3.786-5.678 2.98-3.491 7.385-5.69 12.303-5.69s9.323 2.199 12.284 5.668l.019.022L613.264 603.8c3.491 2.98 5.69 7.385 5.69 12.303s-2.199 9.323-5.668 12.284c-1.399 1.869-3.361 3.216-5.631 3.789l-.069.015c-38.446 13.732-82.796 21.669-129.001 21.669-108.416 0-206.626-43.699-277.977-114.443C130.241 467.591 86.799 369.1 86.799 260.462c0-45.803 7.722-89.803 21.936-130.767l-.845 2.8z" class="path2" fill="#E2231A"></path><path d="M600.015 1.893a6.922 6.922 0 0 1 5.713-1.889c.057-.006.164-.007.272-.007 7.15 0 12.947 5.796 12.947 12.947 0 .108-.001.215-.004.322v-.016 503.482c.002.091.004.199.004.306 0 7.15-5.796 12.947-12.947 12.947-.108 0-.215-.001-.322-.004a6.925 6.925 0 0 1-5.665-1.895l.002.002c-98.273-48.542-164.673-148.065-164.673-263.098S501.743 50.434 598.306 2.657l1.709-.765z" class="path3" fill="#712177"></path><path d="M938.824 283.919c1.893 0 1.893 1.893 3.786 1.893 1.765 2.012 2.841 4.666 2.841 7.571s-1.077 5.559-2.853 7.584l.011-.013-268.776 266.884c-2.012 1.765-4.666 2.841-7.571 2.841s-5.559-1.077-7.584-2.853a3.774 3.774 0 0 1-1.877-3.793l-.002.019c-7.681-21.529-12.12-46.363-12.12-72.235 0-61.263 24.891-116.712 65.111-156.786 39.326-39.792 93.895-64.431 154.219-64.431 26.857 0 52.573 4.884 76.309 13.812l-1.494-.493z" class="path4" fill="#82BC00"></path></g></g></svg></div></span> Stop &amp; Shop All Natural 80% Lean 20% Fat Ground Beef Value Pack Fresh</a></div><!--v-if--><!--v-if--></div><div class="skeleton-loader_wrapper"><!-- eslint-disable-next-line vuejs-accessibility/click-events-have-key-events --><div class="product-grid-cell_sizes"><span class="product-grid-cell_size">APX 3.5 LB</span><span aria-hidden="true"> | </span><!--v-if--><span class="product-grid-cell_unit">$3.99 /LB</span></div><!--v-if--></div><!--v-if--></button><div class="product-grid-cell_promo-name"><!--v-if--><div id="coupon-link-163208-17497327346801328" class="product-tile_coupon-offer product-tile_coupon-offer-eci" tabindex="0" role="link" aria-label="Open coupon details" data-opens-modal="true"><div class="product-tile_coupon-offer-display"><!--v-if--><!--v-if--><div class="product-tile_coupon-offer-name flex-center product-tile_coupon-offer-name--full-tile"><span><!--v-if--></span> Taco Meal Deal</div></div><!--v-if--><div class="product-tile_coupon-offer-loading-coupon"><!--v-if--></div></div><div role="link" class="product-grid-cell_multiple-offers" tabindex="0" data-opens-modal="true" aria-haspopup="dialog"><p> View All Item Offers </p></div><!--v-if--><!--v-if--></div><!--v-if--><!--v-if--><!--v-if--><!--v-if--><div class="margin-top--one"><!--v-if--><div class="pdl-add-to-cart" coupon-clipped="false"><div class="pdl-add-to-cart_button"><button class="button button--add-to-cart add-sale" aria-label="Add to cart" data-product-id="163208" data-price="13.97">Add to cart <!--v-if--></button><!--v-if--><!--v-if--><!-- Swap n Save --><!--v-if--></div><!--v-if--></div><!--v-if--><!--v-if--></div><!--v-if--></div></div><!-- MOBILE VIEW --><!--v-if--><!-- This is for xxsmall devices --><div class="mobile-product-list-cell_bottom m-4 hidden"><div class="mobile-product-list-cell_bottom_cart-ui-wrapper"><!--v-if--><div class="pdl-add-to-cart" coupon-clipped="false"><div class="pdl-add-to-cart_button"><button class="button button--add-to-cart add-sale" aria-label="Add to cart" data-product-id="163208" data-price="13.97">Add to cart <!--v-if--></button><!--v-if--><!--v-if--><!-- Swap n Save --><!--v-if--></div><!--v-if--></div><!--v-if--><!--v-if--></div><!--v-if--></div><div class="product-tile_action-items" is-typeahead="false"><!--v-if--><!--v-if--><div class="shopping-list-menu_container"><div class="relative-el"><button class="button pdl-product-detail_top-icon button--fourth pdl-product-detail_top-icon--borderless" aria-label="add to shopping list" page-view="browse aisles" title="On Sale in Meat"><!--v-if--><div class="vector-icon-size--large"><svg xmlns="http://www.w3.org/2000/svg" class="vector-icon-color--dark-grey" aria-label="Shopping List Icon Add" viewBox="0 0 32 32" role="presentation" aria-hidden="true" focusable="false"><title lang="en">Shopping List Icon Add</title><desc></desc><g fill="" stroke=""><g><path d="M21.94066,15.3368884 L21.94066,12.8931995 C21.94066,12.3409148 22.3883752,11.8931995 22.94066,11.8931995 C23.4929447,11.8931995 23.94066,12.3409148 23.94066,12.8931995 L23.94066,15.3368884 L26.2522624,15.3368884 C26.8045471,15.3368884 27.2522624,15.7846037 27.2522624,16.3368884 C27.2522624,16.8891732 26.8045471,17.3368884 26.2522624,17.3368884 L23.94066,17.3368884 L23.94066,19.8787952 C23.94066,20.43108 23.4929447,20.8787952 22.94066,20.8787952 C22.3883752,20.8787952 21.94066,20.43108 21.94066,19.8787952 L21.94066,17.3368884 L19.2666667,17.3368884 C18.7143819,17.3368884 18.2666667,16.8891732 18.2666667,16.3368884 C18.2666667,15.7846037 18.7143819,15.3368884 19.2666667,15.3368884 L21.94066,15.3368884 Z M8,12 C7.44771525,12 7,11.5522847 7,11 C7,10.4477153 7.44771525,10 8,10 L19.1153581,10 C19.6676429,10 20.1153581,10.4477153 20.1153581,11 C20.1153581,11.5522847 19.6676429,12 19.1153581,12 L8,12 Z M8,17.3368884 C7.44771525,17.3368884 7,16.8891732 7,16.3368884 C7,15.7846037 7.44771525,15.3368884 8,15.3368884 L14.7200696,15.3368884 C15.2723543,15.3368884 15.7200696,15.7846037 15.7200696,16.3368884 C15.7200696,16.8891732 15.2723543,17.3368884 14.7200696,17.3368884 L8,17.3368884 Z M8,23 C7.44771525,23 7,22.5522847 7,22 C7,21.4477153 7.44771525,21 8,21 L19.1153581,21 C19.6676429,21 20.1153581,21.4477153 20.1153581,22 C20.1153581,22.5522847 19.6676429,23 19.1153581,23 L8,23 Z" fill="#000000" fill-rule="nonzero"></path></g></g></svg></div><div class="pdl-product-detail_list-tooltip"><p class="no-wrap">Sign in to add to shopping list</p><em></em></div></button></div></div></div><!--v-if--></li><!-- eslint-disable vuejs-accessibility/mouse-events-have-key-events --><li tabindex="-1" data-product-id="103224" class="tile product-cell product-grid-cell mb-0"><!--v-if--><!--v-if--><!--v-if--><div class="product-tile_content"><div class="flag_outer-container"><div class=""><svg xmlns="http://www.w3.org/2000/svg" class="w-20 ml-3" aria-label="Sale" viewBox="0 0 32 32" role="presentation" aria-hidden="true" focusable="false"><title lang="en">Sale</title><desc></desc><g fill="" stroke=""><g><path d="M16.56 19.87a3.81 3.81 0 0 1-1-.13l-13.39-3.5a1.5 1.5 0 0 1-1.12-1.34l-.81-11a1.52 1.52 0 0 1 1.39-1.61l27.69-2h.11a1.51 1.51 0 0 1 1.5 1.4l.82 11a1.52 1.52 0 0 1-.91 1.5l-12.72 5.36a3.79 3.79 0 0 1-1.56.32Z" fill="#ed1256"></path><path fill="#fff" d="M29.43.48a1.26 1.26 0 0 1 1.26 1.17l.82 11a1.27 1.27 0 0 1-.76 1.26L18 19.34a3.72 3.72 0 0 1-1.47.3 3.79 3.79 0 0 1-.94-.12L2.24 16a1.27 1.27 0 0 1-1-1.13l-.81-11a1.26 1.26 0 0 1 1.22-1.33L29.34.48h.09m0-.48h-.13L1.62 2A1.76 1.76 0 0 0 0 3.92l.82 11a1.73 1.73 0 0 0 1.3 1.55L15.5 20a4.3 4.3 0 0 0 1.07.14 4.24 4.24 0 0 0 1.65-.34l12.72-5.44A1.76 1.76 0 0 0 32 12.59l-.82-11A1.76 1.76 0 0 0 29.43 0Z"></path><path fill="#fff" d="M3.74 9.87a3 3 0 0 0 .82.55 2.21 2.21 0 0 0 1.08.19 1.6 1.6 0 0 0 .29 0 1 1 0 0 0 .26-.12.58.58 0 0 0 .18-.2.62.62 0 0 0 0-.31.59.59 0 0 0-.32-.49 3.38 3.38 0 0 0-.85-.34L4.84 9a4.19 4.19 0 0 1-.69-.26 2.44 2.44 0 0 1-.63-.41 1.92 1.92 0 0 1-.7-1.42 2.68 2.68 0 0 1 .1-1A2.2 2.2 0 0 1 3.39 5a2.42 2.42 0 0 1 .82-.6 3.15 3.15 0 0 1 1.17-.28 3.68 3.68 0 0 1 1.72.24 3 3 0 0 1 .57.29A2.66 2.66 0 0 1 8 5l-.82 1.37a4.42 4.42 0 0 0-.82-.45 2 2 0 0 0-.85-.13 1.4 1.4 0 0 0-.28.06A.9.9 0 0 0 5 6a.62.62 0 0 0-.16.2.5.5 0 0 0 0 .28.6.6 0 0 0 .1.31.68.68 0 0 0 .24.2 1.27 1.27 0 0 0 .35.15l.43.13.35.09a7.49 7.49 0 0 1 .69.22 2.2 2.2 0 0 1 .72.42 2.46 2.46 0 0 1 .54.68 2.31 2.31 0 0 1 .27 1 2.15 2.15 0 0 1-.15 1 2.53 2.53 0 0 1-.56.84 2.77 2.77 0 0 1-.88.59 4 4 0 0 1-1.11.27A4.67 4.67 0 0 1 4 12.25a3.79 3.79 0 0 1-1.28-.75ZM11.29 3.89l2.17-.16 3.1 7.7-2 .15L14 10l-2.39.18-.35 1.67-2 .14Zm2.15 4.6-1-2.84-.61 2.95ZM17 3.47l1.89-.14.44 6 3.3-.25.16 1.92-5.19.39ZM23.36 3l5.13-.38.13 1.8-3.24.24.09 1.22 2.66-.2.12 1.7-2.65.2.09 1.35 3.46-.26.13 1.81-5.34.4Z"></path></g></g></svg></div><!--v-if--><!--v-if--><!--v-if--><!--v-if--></div><a href="https://stopandshop.com/product/perdue-natural-92-lean-8-fat-ground-chicken-fresh-16-oz-pkg/103224" aria-hidden="true" tabindex="-1"><div><!--v-if--><img src="./Browse Aisles - Meat _ Stop &amp; Shop_files/C3G6Z.png" alt="Perdue Natural 92% Lean 8% Fat Ground Chicken Fresh 16 OZ PKG" class="product-grid-image object-contain product-grid-cell_main-image" skeleton-box-size="14rem"></div></a><div class="product-grid-cell_price-tag product-grid-cell_price-tag--full-tile"><div class="product-tile_detail"><div class="skeleton-loader_wrapper cursor-pointer"><!-- eslint-disable-next-line vuejs-accessibility/click-events-have-key-events --><div class="product-grid-cell_price-container product-grid-cell_price-container_column"><span class="sr-only">Perdue Natural 92% Lean 8% Fat Ground Chicken Fresh</span><span class="product-grid-cell_main-price product-grid-cell_main-price--on-sale"><span class="sr-only"> Sale Price </span> $3.50</span><div class="product-grid-cell_was-container"><span class="product-grid-cell_regular-price mb-1 product-grid-cell_regular-price--small"><span class="sr-only"> Original Price </span> $5.29</span></div></div><!--v-if--></div><!--v-if--></div><button class="product-tile_detail-title"><div class="skeleton-loader_wrapper"><div class="product-grid-cell_name"><a id="product-name-103224-17497327346817077" class="product-grid-cell_name-text product-grid-cell_name-text--small product-grid-cell_name-text--clamp-2" href="https://stopandshop.com/product/perdue-natural-92-lean-8-fat-ground-chicken-fresh-16-oz-pkg/103224" data-opens-modal="true" aria-haspopup="dialog"><!--v-if--> Perdue Natural 92% Lean 8% Fat Ground Chicken Fresh</a></div><!--v-if--><!--v-if--></div><div class="skeleton-loader_wrapper"><!-- eslint-disable-next-line vuejs-accessibility/click-events-have-key-events --><div class="product-grid-cell_sizes"><span class="product-grid-cell_size">16 OZ PKG</span><span aria-hidden="true"> | </span><!--v-if--><span class="product-grid-cell_unit">$3.50 /LB</span></div><!--v-if--></div><!--v-if--></button><div class="product-grid-cell_promo-name"><!--v-if--><!--v-if--><!--v-if--><!--v-if--><!--v-if--></div><!--v-if--><!--v-if--><!--v-if--><!--v-if--><div class="margin-top--one"><!--v-if--><div class="pdl-add-to-cart" coupon-clipped="false"><div class="pdl-add-to-cart_button"><button class="button button--add-to-cart add-sale" aria-label="Add to cart" data-product-id="103224" data-price="3.5">Add to cart <!--v-if--></button><!--v-if--><!--v-if--><!-- Swap n Save --><!--v-if--></div><!--v-if--></div><!--v-if--><!--v-if--></div><!--v-if--></div></div><!-- MOBILE VIEW --><!--v-if--><!-- This is for xxsmall devices --><div class="mobile-product-list-cell_bottom m-4 hidden"><div class="mobile-product-list-cell_bottom_cart-ui-wrapper"><!--v-if--><div class="pdl-add-to-cart" coupon-clipped="false"><div class="pdl-add-to-cart_button"><button class="button button--add-to-cart add-sale" aria-label="Add to cart" data-product-id="103224" data-price="3.5">Add to cart <!--v-if--></button><!--v-if--><!--v-if--><!-- Swap n Save --><!--v-if--></div><!--v-if--></div><!--v-if--><!--v-if--></div><!--v-if--></div><div class="product-tile_action-items" is-typeahead="false"><!--v-if--><!--v-if--><div class="shopping-list-menu_container"><div class="relative-el"><button class="button pdl-product-detail_top-icon button--fourth pdl-product-detail_top-icon--borderless" aria-label="add to shopping list" page-view="browse aisles" title="On Sale in Meat"><!--v-if--><div class="vector-icon-size--large"><svg xmlns="http://www.w3.org/2000/svg" class="vector-icon-color--dark-grey" aria-label="Shopping List Icon Add" viewBox="0 0 32 32" role="presentation" aria-hidden="true" focusable="false"><title lang="en">Shopping List Icon Add</title><desc></desc><g fill="" stroke=""><g><path d="M21.94066,15.3368884 L21.94066,12.8931995 C21.94066,12.3409148 22.3883752,11.8931995 22.94066,11.8931995 C23.4929447,11.8931995 23.94066,12.3409148 23.94066,12.8931995 L23.94066,15.3368884 L26.2522624,15.3368884 C26.8045471,15.3368884 27.2522624,15.7846037 27.2522624,16.3368884 C27.2522624,16.8891732 26.8045471,17.3368884 26.2522624,17.3368884 L23.94066,17.3368884 L23.94066,19.8787952 C23.94066,20.43108 23.4929447,20.8787952 22.94066,20.8787952 C22.3883752,20.8787952 21.94066,20.43108 21.94066,19.8787952 L21.94066,17.3368884 L19.2666667,17.3368884 C18.7143819,17.3368884 18.2666667,16.8891732 18.2666667,16.3368884 C18.2666667,15.7846037 18.7143819,15.3368884 19.2666667,15.3368884 L21.94066,15.3368884 Z M8,12 C7.44771525,12 7,11.5522847 7,11 C7,10.4477153 7.44771525,10 8,10 L19.1153581,10 C19.6676429,10 20.1153581,10.4477153 20.1153581,11 C20.1153581,11.5522847 19.6676429,12 19.1153581,12 L8,12 Z M8,17.3368884 C7.44771525,17.3368884 7,16.8891732 7,16.3368884 C7,15.7846037 7.44771525,15.3368884 8,15.3368884 L14.7200696,15.3368884 C15.2723543,15.3368884 15.7200696,15.7846037 15.7200696,16.3368884 C15.7200696,16.8891732 15.2723543,17.3368884 14.7200696,17.3368884 L8,17.3368884 Z M8,23 C7.44771525,23 7,22.5522847 7,22 C7,21.4477153 7.44771525,21 8,21 L19.1153581,21 C19.6676429,21 20.1153581,21.4477153 20.1153581,22 C20.1153581,22.5522847 19.6676429,23 19.1153581,23 L8,23 Z" fill="#000000" fill-rule="nonzero"></path></g></g></svg></div><div class="pdl-product-detail_list-tooltip"><p class="no-wrap">Sign in to add to shopping list</p><em></em></div></button></div></div></div><!--v-if--></li><!-- eslint-disable vuejs-accessibility/mouse-events-have-key-events --><li tabindex="-1" data-product-id="150422" class="tile product-cell product-grid-cell mb-0"><!--v-if--><!--v-if--><!--v-if--><div class="product-tile_content"><div class="flag_outer-container"><div class=""><svg xmlns="http://www.w3.org/2000/svg" class="w-20 ml-3" aria-label="Sale" viewBox="0 0 32 32" role="presentation" aria-hidden="true" focusable="false"><title lang="en">Sale</title><desc></desc><g fill="" stroke=""><g><path d="M16.56 19.87a3.81 3.81 0 0 1-1-.13l-13.39-3.5a1.5 1.5 0 0 1-1.12-1.34l-.81-11a1.52 1.52 0 0 1 1.39-1.61l27.69-2h.11a1.51 1.51 0 0 1 1.5 1.4l.82 11a1.52 1.52 0 0 1-.91 1.5l-12.72 5.36a3.79 3.79 0 0 1-1.56.32Z" fill="#ed1256"></path><path fill="#fff" d="M29.43.48a1.26 1.26 0 0 1 1.26 1.17l.82 11a1.27 1.27 0 0 1-.76 1.26L18 19.34a3.72 3.72 0 0 1-1.47.3 3.79 3.79 0 0 1-.94-.12L2.24 16a1.27 1.27 0 0 1-1-1.13l-.81-11a1.26 1.26 0 0 1 1.22-1.33L29.34.48h.09m0-.48h-.13L1.62 2A1.76 1.76 0 0 0 0 3.92l.82 11a1.73 1.73 0 0 0 1.3 1.55L15.5 20a4.3 4.3 0 0 0 1.07.14 4.24 4.24 0 0 0 1.65-.34l12.72-5.44A1.76 1.76 0 0 0 32 12.59l-.82-11A1.76 1.76 0 0 0 29.43 0Z"></path><path fill="#fff" d="M3.74 9.87a3 3 0 0 0 .82.55 2.21 2.21 0 0 0 1.08.19 1.6 1.6 0 0 0 .29 0 1 1 0 0 0 .26-.12.58.58 0 0 0 .18-.2.62.62 0 0 0 0-.31.59.59 0 0 0-.32-.49 3.38 3.38 0 0 0-.85-.34L4.84 9a4.19 4.19 0 0 1-.69-.26 2.44 2.44 0 0 1-.63-.41 1.92 1.92 0 0 1-.7-1.42 2.68 2.68 0 0 1 .1-1A2.2 2.2 0 0 1 3.39 5a2.42 2.42 0 0 1 .82-.6 3.15 3.15 0 0 1 1.17-.28 3.68 3.68 0 0 1 1.72.24 3 3 0 0 1 .57.29A2.66 2.66 0 0 1 8 5l-.82 1.37a4.42 4.42 0 0 0-.82-.45 2 2 0 0 0-.85-.13 1.4 1.4 0 0 0-.28.06A.9.9 0 0 0 5 6a.62.62 0 0 0-.16.2.5.5 0 0 0 0 .28.6.6 0 0 0 .1.31.68.68 0 0 0 .24.2 1.27 1.27 0 0 0 .35.15l.43.13.35.09a7.49 7.49 0 0 1 .69.22 2.2 2.2 0 0 1 .72.42 2.46 2.46 0 0 1 .54.68 2.31 2.31 0 0 1 .27 1 2.15 2.15 0 0 1-.15 1 2.53 2.53 0 0 1-.56.84 2.77 2.77 0 0 1-.88.59 4 4 0 0 1-1.11.27A4.67 4.67 0 0 1 4 12.25a3.79 3.79 0 0 1-1.28-.75ZM11.29 3.89l2.17-.16 3.1 7.7-2 .15L14 10l-2.39.18-.35 1.67-2 .14Zm2.15 4.6-1-2.84-.61 2.95ZM17 3.47l1.89-.14.44 6 3.3-.25.16 1.92-5.19.39ZM23.36 3l5.13-.38.13 1.8-3.24.24.09 1.22 2.66-.2.12 1.7-2.65.2.09 1.35 3.46-.26.13 1.81-5.34.4Z"></path></g></g></svg></div><!--v-if--><!--v-if--><!--v-if--><!--v-if--></div><a href="https://stopandshop.com/product/natures-promise-ground-turkey-94-lean-6-fat-16-oz-pkg/150422" aria-hidden="true" tabindex="-1"><div><!--v-if--><img src="./Browse Aisles - Meat _ Stop &amp; Shop_files/PBCEZ.png" alt="Nature&#39;s Promise Ground Turkey 94% Lean 6% Fat 16 OZ PKG" class="product-grid-image object-contain product-grid-cell_main-image" skeleton-box-size="14rem"></div></a><div class="product-grid-cell_price-tag product-grid-cell_price-tag--full-tile"><div class="product-tile_detail"><div class="skeleton-loader_wrapper cursor-pointer"><!-- eslint-disable-next-line vuejs-accessibility/click-events-have-key-events --><div class="product-grid-cell_price-container product-grid-cell_price-container_column"><span class="sr-only">Nature's Promise Ground Turkey 94% Lean 6% Fat</span><span class="product-grid-cell_main-price product-grid-cell_main-price--on-sale"><span class="sr-only"> Sale Price </span> $2.99</span><div class="product-grid-cell_was-container"><span class="product-grid-cell_regular-price mb-1 product-grid-cell_regular-price--small"><span class="sr-only"> Original Price </span> $5.99</span></div></div><!--v-if--></div><!--v-if--></div><button class="product-tile_detail-title"><div class="skeleton-loader_wrapper"><div class="product-grid-cell_name"><a id="product-name-150422-17497327346817188" class="product-grid-cell_name-text product-grid-cell_name-text--small product-grid-cell_name-text--clamp-2" href="https://stopandshop.com/product/natures-promise-ground-turkey-94-lean-6-fat-16-oz-pkg/150422" data-opens-modal="true" aria-haspopup="dialog"><span class="vector-icon_inline-text--left mr-0"><div class="vector-icon-size--xsmall"><svg xmlns="http://www.w3.org/2000/svg" class="" aria-label="Ahold Icon" viewBox="0 0 1024 945" role="presentation" aria-hidden="true" focusable="false"><title lang="en">Ahold Icon</title><desc></desc><g fill="" stroke=""><g><path d="M1.893 730.617c-1.289-2.094-2.052-4.631-2.052-7.346 0-.747.058-1.481.169-2.197.158-12.396 10.227-22.466 22.687-22.634h895.306c12.476.168 22.545 10.237 22.713 22.698-.521 3.721-1.182 6.924-2.024 10.053l.131-.574c-86.363 175.072-263.598 293.385-468.466 293.385S88.254 905.689 3.252 733.663l-1.361-3.046z" class="path1" fill="#F7A800"></path><path d="M107.889 132.495c1.893-1.893 1.893-3.786 3.786-5.678 2.98-3.491 7.385-5.69 12.303-5.69s9.323 2.199 12.284 5.668l.019.022L613.264 603.8c3.491 2.98 5.69 7.385 5.69 12.303s-2.199 9.323-5.668 12.284c-1.399 1.869-3.361 3.216-5.631 3.789l-.069.015c-38.446 13.732-82.796 21.669-129.001 21.669-108.416 0-206.626-43.699-277.977-114.443C130.241 467.591 86.799 369.1 86.799 260.462c0-45.803 7.722-89.803 21.936-130.767l-.845 2.8z" class="path2" fill="#E2231A"></path><path d="M600.015 1.893a6.922 6.922 0 0 1 5.713-1.889c.057-.006.164-.007.272-.007 7.15 0 12.947 5.796 12.947 12.947 0 .108-.001.215-.004.322v-.016 503.482c.002.091.004.199.004.306 0 7.15-5.796 12.947-12.947 12.947-.108 0-.215-.001-.322-.004a6.925 6.925 0 0 1-5.665-1.895l.002.002c-98.273-48.542-164.673-148.065-164.673-263.098S501.743 50.434 598.306 2.657l1.709-.765z" class="path3" fill="#712177"></path><path d="M938.824 283.919c1.893 0 1.893 1.893 3.786 1.893 1.765 2.012 2.841 4.666 2.841 7.571s-1.077 5.559-2.853 7.584l.011-.013-268.776 266.884c-2.012 1.765-4.666 2.841-7.571 2.841s-5.559-1.077-7.584-2.853a3.774 3.774 0 0 1-1.877-3.793l-.002.019c-7.681-21.529-12.12-46.363-12.12-72.235 0-61.263 24.891-116.712 65.111-156.786 39.326-39.792 93.895-64.431 154.219-64.431 26.857 0 52.573 4.884 76.309 13.812l-1.494-.493z" class="path4" fill="#82BC00"></path></g></g></svg></div></span> Nature's Promise Ground Turkey 94% Lean 6% Fat</a></div><!--v-if--><!--v-if--></div><div class="skeleton-loader_wrapper"><!-- eslint-disable-next-line vuejs-accessibility/click-events-have-key-events --><div class="product-grid-cell_sizes"><span class="product-grid-cell_size">16 OZ PKG</span><span aria-hidden="true"> | </span><!--v-if--><span class="product-grid-cell_unit">$2.99 /LB</span></div><!--v-if--></div><!--v-if--></button><div class="product-grid-cell_promo-name"><!--v-if--><div id="coupon-link-150422-17497327346817188" class="product-tile_coupon-offer product-tile_coupon-offer-eci" tabindex="0" role="link" aria-label="Open coupon details" data-opens-modal="true"><div class="product-tile_coupon-offer-display"><!--v-if--><!--v-if--><div class="product-tile_coupon-offer-name flex-center product-tile_coupon-offer-name--full-tile"><span><!--v-if--></span> Taco Meal Deal</div></div><!--v-if--><div class="product-tile_coupon-offer-loading-coupon"><!--v-if--></div></div><div role="link" class="product-grid-cell_multiple-offers" tabindex="0" data-opens-modal="true" aria-haspopup="dialog"><p> View All Item Offers </p></div><!--v-if--><!--v-if--></div><!--v-if--><!--v-if--><!--v-if--><!--v-if--><div class="margin-top--one"><!--v-if--><div class="pdl-add-to-cart" coupon-clipped="false"><div class="pdl-add-to-cart_button"><button class="button button--add-to-cart add-sale" aria-label="Add to cart" data-product-id="150422" data-price="2.99">Add to cart <!--v-if--></button><!--v-if--><!--v-if--><!-- Swap n Save --><!--v-if--></div><!--v-if--></div><!--v-if--><!--v-if--></div><!--v-if--></div></div><!-- MOBILE VIEW --><!--v-if--><!-- This is for xxsmall devices --><div class="mobile-product-list-cell_bottom m-4 hidden"><div class="mobile-product-list-cell_bottom_cart-ui-wrapper"><!--v-if--><div class="pdl-add-to-cart" coupon-clipped="false"><div class="pdl-add-to-cart_button"><button class="button button--add-to-cart add-sale" aria-label="Add to cart" data-product-id="150422" data-price="2.99">Add to cart <!--v-if--></button><!--v-if--><!--v-if--><!-- Swap n Save --><!--v-if--></div><!--v-if--></div><!--v-if--><!--v-if--></div><!--v-if--></div><div class="product-tile_action-items" is-typeahead="false"><!--v-if--><!--v-if--><div class="shopping-list-menu_container"><div class="relative-el"><button class="button pdl-product-detail_top-icon button--fourth pdl-product-detail_top-icon--borderless" aria-label="add to shopping list" page-view="browse aisles" title="On Sale in Meat"><!--v-if--><div class="vector-icon-size--large"><svg xmlns="http://www.w3.org/2000/svg" class="vector-icon-color--dark-grey" aria-label="Shopping List Icon Add" viewBox="0 0 32 32" role="presentation" aria-hidden="true" focusable="false"><title lang="en">Shopping List Icon Add</title><desc></desc><g fill="" stroke=""><g><path d="M21.94066,15.3368884 L21.94066,12.8931995 C21.94066,12.3409148 22.3883752,11.8931995 22.94066,11.8931995 C23.4929447,11.8931995 23.94066,12.3409148 23.94066,12.8931995 L23.94066,15.3368884 L26.2522624,15.3368884 C26.8045471,15.3368884 27.2522624,15.7846037 27.2522624,16.3368884 C27.2522624,16.8891732 26.8045471,17.3368884 26.2522624,17.3368884 L23.94066,17.3368884 L23.94066,19.8787952 C23.94066,20.43108 23.4929447,20.8787952 22.94066,20.8787952 C22.3883752,20.8787952 21.94066,20.43108 21.94066,19.8787952 L21.94066,17.3368884 L19.2666667,17.3368884 C18.7143819,17.3368884 18.2666667,16.8891732 18.2666667,16.3368884 C18.2666667,15.7846037 18.7143819,15.3368884 19.2666667,15.3368884 L21.94066,15.3368884 Z M8,12 C7.44771525,12 7,11.5522847 7,11 C7,10.4477153 7.44771525,10 8,10 L19.1153581,10 C19.6676429,10 20.1153581,10.4477153 20.1153581,11 C20.1153581,11.5522847 19.6676429,12 19.1153581,12 L8,12 Z M8,17.3368884 C7.44771525,17.3368884 7,16.8891732 7,16.3368884 C7,15.7846037 7.44771525,15.3368884 8,15.3368884 L14.7200696,15.3368884 C15.2723543,15.3368884 15.7200696,15.7846037 15.7200696,16.3368884 C15.7200696,16.8891732 15.2723543,17.3368884 14.7200696,17.3368884 L8,17.3368884 Z M8,23 C7.44771525,23 7,22.5522847 7,22 C7,21.4477153 7.44771525,21 8,21 L19.1153581,21 C19.6676429,21 20.1153581,21.4477153 20.1153581,22 C20.1153581,22.5522847 19.6676429,23 19.1153581,23 L8,23 Z" fill="#000000" fill-rule="nonzero"></path></g></g></svg></div><div class="pdl-product-detail_list-tooltip"><p class="no-wrap">Sign in to add to shopping list</p><em></em></div></button></div></div></div><!--v-if--></li><!--v-if--></ul><!--v-if--><!--v-if--><!--v-if--><!--v-if--></div><div tabindex="-1" class="pdl-carousel_item zone-block_carousel-item" style="height: auto; width: 697px;"><ul class="product-list product-list-triple pt-0 pdl-carousel_content" islastslide="false" itemcountpriorslide="[object Object]" index="1" style="height: auto;"><!-- eslint-disable vuejs-accessibility/mouse-events-have-key-events --><li tabindex="-1" data-product-id="122663" class="tile product-cell product-grid-cell mb-0"><!--v-if--><!--v-if--><!--v-if--><div class="product-tile_content"><div class="flag_outer-container"><div class=""><svg xmlns="http://www.w3.org/2000/svg" class="w-20 ml-3" aria-label="Sale" viewBox="0 0 32 32" role="presentation" aria-hidden="true" focusable="false"><title lang="en">Sale</title><desc></desc><g fill="" stroke=""><g><path d="M16.56 19.87a3.81 3.81 0 0 1-1-.13l-13.39-3.5a1.5 1.5 0 0 1-1.12-1.34l-.81-11a1.52 1.52 0 0 1 1.39-1.61l27.69-2h.11a1.51 1.51 0 0 1 1.5 1.4l.82 11a1.52 1.52 0 0 1-.91 1.5l-12.72 5.36a3.79 3.79 0 0 1-1.56.32Z" fill="#ed1256"></path><path fill="#fff" d="M29.43.48a1.26 1.26 0 0 1 1.26 1.17l.82 11a1.27 1.27 0 0 1-.76 1.26L18 19.34a3.72 3.72 0 0 1-1.47.3 3.79 3.79 0 0 1-.94-.12L2.24 16a1.27 1.27 0 0 1-1-1.13l-.81-11a1.26 1.26 0 0 1 1.22-1.33L29.34.48h.09m0-.48h-.13L1.62 2A1.76 1.76 0 0 0 0 3.92l.82 11a1.73 1.73 0 0 0 1.3 1.55L15.5 20a4.3 4.3 0 0 0 1.07.14 4.24 4.24 0 0 0 1.65-.34l12.72-5.44A1.76 1.76 0 0 0 32 12.59l-.82-11A1.76 1.76 0 0 0 29.43 0Z"></path><path fill="#fff" d="M3.74 9.87a3 3 0 0 0 .82.55 2.21 2.21 0 0 0 1.08.19 1.6 1.6 0 0 0 .29 0 1 1 0 0 0 .26-.12.58.58 0 0 0 .18-.2.62.62 0 0 0 0-.31.59.59 0 0 0-.32-.49 3.38 3.38 0 0 0-.85-.34L4.84 9a4.19 4.19 0 0 1-.69-.26 2.44 2.44 0 0 1-.63-.41 1.92 1.92 0 0 1-.7-1.42 2.68 2.68 0 0 1 .1-1A2.2 2.2 0 0 1 3.39 5a2.42 2.42 0 0 1 .82-.6 3.15 3.15 0 0 1 1.17-.28 3.68 3.68 0 0 1 1.72.24 3 3 0 0 1 .57.29A2.66 2.66 0 0 1 8 5l-.82 1.37a4.42 4.42 0 0 0-.82-.45 2 2 0 0 0-.85-.13 1.4 1.4 0 0 0-.28.06A.9.9 0 0 0 5 6a.62.62 0 0 0-.16.2.5.5 0 0 0 0 .28.6.6 0 0 0 .1.31.68.68 0 0 0 .24.2 1.27 1.27 0 0 0 .35.15l.43.13.35.09a7.49 7.49 0 0 1 .69.22 2.2 2.2 0 0 1 .72.42 2.46 2.46 0 0 1 .54.68 2.31 2.31 0 0 1 .27 1 2.15 2.15 0 0 1-.15 1 2.53 2.53 0 0 1-.56.84 2.77 2.77 0 0 1-.88.59 4 4 0 0 1-1.11.27A4.67 4.67 0 0 1 4 12.25a3.79 3.79 0 0 1-1.28-.75ZM11.29 3.89l2.17-.16 3.1 7.7-2 .15L14 10l-2.39.18-.35 1.67-2 .14Zm2.15 4.6-1-2.84-.61 2.95ZM17 3.47l1.89-.14.44 6 3.3-.25.16 1.92-5.19.39ZM23.36 3l5.13-.38.13 1.8-3.24.24.09 1.22 2.66-.2.12 1.7-2.65.2.09 1.35 3.46-.26.13 1.81-5.34.4Z"></path></g></g></svg></div><!--v-if--><!--v-if--><!--v-if--><!--v-if--></div><a href="https://stopandshop.com/product/perdue-natural-chicken-breast-dino-nuggets-fresh-12-oz-pkg/122663" aria-hidden="true" tabindex="-1"><div><!--v-if--><img src="data:image/svg+xml;base64,PD94bWwgdmVyc2lvbj0iMS4wIiBlbmNvZGluZz0idXRmLTgiPz4KPCEtLSBHZW5lcmF0ZWQgYnkgSWNvTW9vbi5pbyAtLT4KPCFET0NUWVBFIHN2ZyBQVUJMSUMgIi0vL1czQy8vRFREIFNWRyAxLjEvL0VOIiAiaHR0cDovL3d3dy53My5vcmcvR3JhcGhpY3MvU1ZHLzEuMS9EVEQvc3ZnMTEuZHRkIj4KPHN2ZyB2ZXJzaW9uPSIxLjEiIHhtbG5zPSJodHRwOi8vd3d3LnczLm9yZy8yMDAwL3N2ZyIgeG1sbnM6eGxpbms9Imh0dHA6Ly93d3cudzMub3JnLzE5OTkveGxpbmsiIHdpZHRoPSI0OCIgaGVpZ2h0PSI0OCIgdmlld0JveD0iMCAwIDQ4IDQ4Ij4KPGcgaWQ9Imljb21vb24taWdub3JlIj4KCTxsaW5lIHN0cm9rZS13aWR0aD0iMSIgeDE9IiIgeTE9IiIgeDI9IiIgeTI9IiIgc3Ryb2tlPSIjNDQ5RkRCIiBvcGFjaXR5PSIiPjwvbGluZT4KPC9nPgoJPHBhdGggZD0iTTM4LjQ4IDkuMDcwYzAuMjQ4IDAgMC40NSAwLjIwMiAwLjQ1IDAuNDV2MjguOTU5YzAgMC4yNDgtMC4yMDIgMC40NS0wLjQ1IDAuNDVoLTI4Ljk1OWMtMC4yNDggMC0wLjQ1LTAuMjAyLTAuNDUtMC40NXYtMjguOTU5YzAtMC4yNDggMC4yMDItMC40NSAwLjQ1LTAuNDVoMjguOTU5ek0zOC40OCA4aC0yOC45NTljLTAuODQgMC0xLjUyIDAuNjgxLTEuNTIgMS41MjF2MjguOTU5YzAgMC44NCAwLjY4MSAxLjUyMSAxLjUyIDEuNTIxaDI4Ljk1OWMwLjg0IDAgMS41Mi0wLjY4MSAxLjUyLTEuNTIxdi0yOC45NTljMC0wLjg0LTAuNjgxLTEuNTIxLTEuNTItMS41MjF2MHoiIG9wYWNpdHk9IjEiIHZpc2liaWxpdHk9ImZhbHNlIiBmaWxsPSIjZDdkN2Q3Ij48L3BhdGg+Cgk8cGF0aCBkPSJNMTIuMjI4IDM1LjIyNHYtMy4zMjljMC0wLjE0NSAwLjA1OC0wLjI4NSAwLjE2LTAuMzg4bDUuNTg3LTUuNTg3YzAuMjE0LTAuMjE0IDAuNTYxLTAuMjE0IDAuNzc1IDBsMi4xMTkgMi4xMTljMC4yMTQgMC4yMTQgMC41NjEgMC4yMTQgMC43NzUgMGw4LjE5MS04LjE5MmMwLjIxNC0wLjIxNCAwLjU2MS0wLjIxNCAwLjc3NSAwbDUgNWMwLjEwMyAwLjEwMyAwLjE2IDAuMjQyIDAuMTYgMC4zODh2OS45ODhjMCAwLjMwMy0wLjI0NSAwLjU0OC0wLjU0OCAwLjU0OGgtMjIuNDQ3Yy0wLjMwMyAwLTAuNTQ4LTAuMjQ1LTAuNTQ4LTAuNTQ4eiIgb3BhY2l0eT0iMSIgdmlzaWJpbGl0eT0iZmFsc2UiIGZpbGw9IiNkN2Q3ZDciPjwvcGF0aD4KCTxwYXRoIGQ9Ik0yMS41NDQgMTcuOTY3YzAgMS45ODItMS42MDYgMy41ODgtMy41ODggMy41ODhzLTMuNTg4LTEuNjA2LTMuNTg4LTMuNTg4YzAtMS45ODEgMS42MDYtMy41ODggMy41ODgtMy41ODhzMy41ODggMS42MDYgMy41ODggMy41ODh6IiBvcGFjaXR5PSIxIiB2aXNpYmlsaXR5PSJmYWxzZSIgZmlsbD0iI2Q3ZDdkNyI+PC9wYXRoPgo8L3N2Zz4K" alt="Perdue Natural Chicken Breast Dino Nuggets Fresh 12 OZ PKG" class="product-grid-image object-contain product-grid-cell_main-image" skeleton-box-size="14rem"></div></a><div class="product-grid-cell_price-tag product-grid-cell_price-tag--full-tile"><div class="product-tile_detail"><div class="skeleton-loader_wrapper cursor-pointer"><!-- eslint-disable-next-line vuejs-accessibility/click-events-have-key-events --><div class="product-grid-cell_price-container product-grid-cell_price-container_column"><span class="sr-only">Perdue Natural Chicken Breast Dino Nuggets Fresh</span><span class="product-grid-cell_main-price product-grid-cell_main-price--on-sale"><span class="sr-only"> Sale Price </span> $2.50</span><div class="product-grid-cell_was-container"><span class="product-grid-cell_regular-price mb-1 product-grid-cell_regular-price--small"><span class="sr-only"> Original Price </span> $3.99</span></div></div><!--v-if--></div><!--v-if--></div><button class="product-tile_detail-title"><div class="skeleton-loader_wrapper"><div class="product-grid-cell_name"><a id="product-name-122663-17497327346827985" class="product-grid-cell_name-text product-grid-cell_name-text--small product-grid-cell_name-text--clamp-2" href="https://stopandshop.com/product/perdue-natural-chicken-breast-dino-nuggets-fresh-12-oz-pkg/122663" data-opens-modal="true" aria-haspopup="dialog"><!--v-if--> Perdue Natural Chicken Breast Dino Nuggets Fresh</a></div><!--v-if--><!--v-if--></div><div class="skeleton-loader_wrapper"><!-- eslint-disable-next-line vuejs-accessibility/click-events-have-key-events --><div class="product-grid-cell_sizes"><span class="product-grid-cell_size">12 OZ PKG</span><span aria-hidden="true"> | </span><!--v-if--><span class="product-grid-cell_unit">$3.33 /LB</span></div><!--v-if--></div><!--v-if--></button><div class="product-grid-cell_promo-name"><!--v-if--><!--v-if--><!--v-if--><!--v-if--><!--v-if--></div><!--v-if--><!--v-if--><!--v-if--><!--v-if--><div class="margin-top--one"><!--v-if--><div class="pdl-add-to-cart" coupon-clipped="false"><div class="pdl-add-to-cart_button"><button class="button button--add-to-cart add-sale" aria-label="Add to cart" data-product-id="122663" data-price="2.5">Add to cart <!--v-if--></button><!--v-if--><!--v-if--><!-- Swap n Save --><!--v-if--></div><!--v-if--></div><!--v-if--><!--v-if--></div><!--v-if--></div></div><!-- MOBILE VIEW --><!--v-if--><!-- This is for xxsmall devices --><div class="mobile-product-list-cell_bottom m-4 hidden"><div class="mobile-product-list-cell_bottom_cart-ui-wrapper"><!--v-if--><div class="pdl-add-to-cart" coupon-clipped="false"><div class="pdl-add-to-cart_button"><button class="button button--add-to-cart add-sale" aria-label="Add to cart" data-product-id="122663" data-price="2.5">Add to cart <!--v-if--></button><!--v-if--><!--v-if--><!-- Swap n Save --><!--v-if--></div><!--v-if--></div><!--v-if--><!--v-if--></div><!--v-if--></div><div class="product-tile_action-items" is-typeahead="false"><!--v-if--><!--v-if--><div class="shopping-list-menu_container"><div class="relative-el"><button class="button pdl-product-detail_top-icon button--fourth pdl-product-detail_top-icon--borderless" aria-label="add to shopping list" page-view="browse aisles" title="On Sale in Meat"><!--v-if--><div class="vector-icon-size--large"><svg xmlns="http://www.w3.org/2000/svg" class="vector-icon-color--dark-grey" aria-label="Shopping List Icon Add" viewBox="0 0 32 32" role="presentation" aria-hidden="true" focusable="false"><title lang="en">Shopping List Icon Add</title><desc></desc><g fill="" stroke=""><g><path d="M21.94066,15.3368884 L21.94066,12.8931995 C21.94066,12.3409148 22.3883752,11.8931995 22.94066,11.8931995 C23.4929447,11.8931995 23.94066,12.3409148 23.94066,12.8931995 L23.94066,15.3368884 L26.2522624,15.3368884 C26.8045471,15.3368884 27.2522624,15.7846037 27.2522624,16.3368884 C27.2522624,16.8891732 26.8045471,17.3368884 26.2522624,17.3368884 L23.94066,17.3368884 L23.94066,19.8787952 C23.94066,20.43108 23.4929447,20.8787952 22.94066,20.8787952 C22.3883752,20.8787952 21.94066,20.43108 21.94066,19.8787952 L21.94066,17.3368884 L19.2666667,17.3368884 C18.7143819,17.3368884 18.2666667,16.8891732 18.2666667,16.3368884 C18.2666667,15.7846037 18.7143819,15.3368884 19.2666667,15.3368884 L21.94066,15.3368884 Z M8,12 C7.44771525,12 7,11.5522847 7,11 C7,10.4477153 7.44771525,10 8,10 L19.1153581,10 C19.6676429,10 20.1153581,10.4477153 20.1153581,11 C20.1153581,11.5522847 19.6676429,12 19.1153581,12 L8,12 Z M8,17.3368884 C7.44771525,17.3368884 7,16.8891732 7,16.3368884 C7,15.7846037 7.44771525,15.3368884 8,15.3368884 L14.7200696,15.3368884 C15.2723543,15.3368884 15.7200696,15.7846037 15.7200696,16.3368884 C15.7200696,16.8891732 15.2723543,17.3368884 14.7200696,17.3368884 L8,17.3368884 Z M8,23 C7.44771525,23 7,22.5522847 7,22 C7,21.4477153 7.44771525,21 8,21 L19.1153581,21 C19.6676429,21 20.1153581,21.4477153 20.1153581,22 C20.1153581,22.5522847 19.6676429,23 19.1153581,23 L8,23 Z" fill="#000000" fill-rule="nonzero"></path></g></g></svg></div><div class="pdl-product-detail_list-tooltip"><p class="no-wrap">Sign in to add to shopping list</p><em></em></div></button></div></div></div><!--v-if--></li><!-- eslint-disable vuejs-accessibility/mouse-events-have-key-events --><li tabindex="-1" data-product-id="63784" class="tile product-cell product-grid-cell mb-0"><!--v-if--><!--v-if--><!--v-if--><div class="product-tile_content"><div class="flag_outer-container"><div class=""><svg xmlns="http://www.w3.org/2000/svg" class="w-20 ml-3" aria-label="Sale" viewBox="0 0 32 32" role="presentation" aria-hidden="true" focusable="false"><title lang="en">Sale</title><desc></desc><g fill="" stroke=""><g><path d="M16.56 19.87a3.81 3.81 0 0 1-1-.13l-13.39-3.5a1.5 1.5 0 0 1-1.12-1.34l-.81-11a1.52 1.52 0 0 1 1.39-1.61l27.69-2h.11a1.51 1.51 0 0 1 1.5 1.4l.82 11a1.52 1.52 0 0 1-.91 1.5l-12.72 5.36a3.79 3.79 0 0 1-1.56.32Z" fill="#ed1256"></path><path fill="#fff" d="M29.43.48a1.26 1.26 0 0 1 1.26 1.17l.82 11a1.27 1.27 0 0 1-.76 1.26L18 19.34a3.72 3.72 0 0 1-1.47.3 3.79 3.79 0 0 1-.94-.12L2.24 16a1.27 1.27 0 0 1-1-1.13l-.81-11a1.26 1.26 0 0 1 1.22-1.33L29.34.48h.09m0-.48h-.13L1.62 2A1.76 1.76 0 0 0 0 3.92l.82 11a1.73 1.73 0 0 0 1.3 1.55L15.5 20a4.3 4.3 0 0 0 1.07.14 4.24 4.24 0 0 0 1.65-.34l12.72-5.44A1.76 1.76 0 0 0 32 12.59l-.82-11A1.76 1.76 0 0 0 29.43 0Z"></path><path fill="#fff" d="M3.74 9.87a3 3 0 0 0 .82.55 2.21 2.21 0 0 0 1.08.19 1.6 1.6 0 0 0 .29 0 1 1 0 0 0 .26-.12.58.58 0 0 0 .18-.2.62.62 0 0 0 0-.31.59.59 0 0 0-.32-.49 3.38 3.38 0 0 0-.85-.34L4.84 9a4.19 4.19 0 0 1-.69-.26 2.44 2.44 0 0 1-.63-.41 1.92 1.92 0 0 1-.7-1.42 2.68 2.68 0 0 1 .1-1A2.2 2.2 0 0 1 3.39 5a2.42 2.42 0 0 1 .82-.6 3.15 3.15 0 0 1 1.17-.28 3.68 3.68 0 0 1 1.72.24 3 3 0 0 1 .57.29A2.66 2.66 0 0 1 8 5l-.82 1.37a4.42 4.42 0 0 0-.82-.45 2 2 0 0 0-.85-.13 1.4 1.4 0 0 0-.28.06A.9.9 0 0 0 5 6a.62.62 0 0 0-.16.2.5.5 0 0 0 0 .28.6.6 0 0 0 .1.31.68.68 0 0 0 .24.2 1.27 1.27 0 0 0 .35.15l.43.13.35.09a7.49 7.49 0 0 1 .69.22 2.2 2.2 0 0 1 .72.42 2.46 2.46 0 0 1 .54.68 2.31 2.31 0 0 1 .27 1 2.15 2.15 0 0 1-.15 1 2.53 2.53 0 0 1-.56.84 2.77 2.77 0 0 1-.88.59 4 4 0 0 1-1.11.27A4.67 4.67 0 0 1 4 12.25a3.79 3.79 0 0 1-1.28-.75ZM11.29 3.89l2.17-.16 3.1 7.7-2 .15L14 10l-2.39.18-.35 1.67-2 .14Zm2.15 4.6-1-2.84-.61 2.95ZM17 3.47l1.89-.14.44 6 3.3-.25.16 1.92-5.19.39ZM23.36 3l5.13-.38.13 1.8-3.24.24.09 1.22 2.66-.2.12 1.7-2.65.2.09 1.35 3.46-.26.13 1.81-5.34.4Z"></path></g></g></svg></div><!--v-if--><!--v-if--><!--v-if--><!--v-if--></div><a href="https://stopandshop.com/product/perdue-natural-breaded-chicken-breast-nuggets-fresh-12-oz-pkg/63784" aria-hidden="true" tabindex="-1"><div><!--v-if--><img src="data:image/svg+xml;base64,PD94bWwgdmVyc2lvbj0iMS4wIiBlbmNvZGluZz0idXRmLTgiPz4KPCEtLSBHZW5lcmF0ZWQgYnkgSWNvTW9vbi5pbyAtLT4KPCFET0NUWVBFIHN2ZyBQVUJMSUMgIi0vL1czQy8vRFREIFNWRyAxLjEvL0VOIiAiaHR0cDovL3d3dy53My5vcmcvR3JhcGhpY3MvU1ZHLzEuMS9EVEQvc3ZnMTEuZHRkIj4KPHN2ZyB2ZXJzaW9uPSIxLjEiIHhtbG5zPSJodHRwOi8vd3d3LnczLm9yZy8yMDAwL3N2ZyIgeG1sbnM6eGxpbms9Imh0dHA6Ly93d3cudzMub3JnLzE5OTkveGxpbmsiIHdpZHRoPSI0OCIgaGVpZ2h0PSI0OCIgdmlld0JveD0iMCAwIDQ4IDQ4Ij4KPGcgaWQ9Imljb21vb24taWdub3JlIj4KCTxsaW5lIHN0cm9rZS13aWR0aD0iMSIgeDE9IiIgeTE9IiIgeDI9IiIgeTI9IiIgc3Ryb2tlPSIjNDQ5RkRCIiBvcGFjaXR5PSIiPjwvbGluZT4KPC9nPgoJPHBhdGggZD0iTTM4LjQ4IDkuMDcwYzAuMjQ4IDAgMC40NSAwLjIwMiAwLjQ1IDAuNDV2MjguOTU5YzAgMC4yNDgtMC4yMDIgMC40NS0wLjQ1IDAuNDVoLTI4Ljk1OWMtMC4yNDggMC0wLjQ1LTAuMjAyLTAuNDUtMC40NXYtMjguOTU5YzAtMC4yNDggMC4yMDItMC40NSAwLjQ1LTAuNDVoMjguOTU5ek0zOC40OCA4aC0yOC45NTljLTAuODQgMC0xLjUyIDAuNjgxLTEuNTIgMS41MjF2MjguOTU5YzAgMC44NCAwLjY4MSAxLjUyMSAxLjUyIDEuNTIxaDI4Ljk1OWMwLjg0IDAgMS41Mi0wLjY4MSAxLjUyLTEuNTIxdi0yOC45NTljMC0wLjg0LTAuNjgxLTEuNTIxLTEuNTItMS41MjF2MHoiIG9wYWNpdHk9IjEiIHZpc2liaWxpdHk9ImZhbHNlIiBmaWxsPSIjZDdkN2Q3Ij48L3BhdGg+Cgk8cGF0aCBkPSJNMTIuMjI4IDM1LjIyNHYtMy4zMjljMC0wLjE0NSAwLjA1OC0wLjI4NSAwLjE2LTAuMzg4bDUuNTg3LTUuNTg3YzAuMjE0LTAuMjE0IDAuNTYxLTAuMjE0IDAuNzc1IDBsMi4xMTkgMi4xMTljMC4yMTQgMC4yMTQgMC41NjEgMC4yMTQgMC43NzUgMGw4LjE5MS04LjE5MmMwLjIxNC0wLjIxNCAwLjU2MS0wLjIxNCAwLjc3NSAwbDUgNWMwLjEwMyAwLjEwMyAwLjE2IDAuMjQyIDAuMTYgMC4zODh2OS45ODhjMCAwLjMwMy0wLjI0NSAwLjU0OC0wLjU0OCAwLjU0OGgtMjIuNDQ3Yy0wLjMwMyAwLTAuNTQ4LTAuMjQ1LTAuNTQ4LTAuNTQ4eiIgb3BhY2l0eT0iMSIgdmlzaWJpbGl0eT0iZmFsc2UiIGZpbGw9IiNkN2Q3ZDciPjwvcGF0aD4KCTxwYXRoIGQ9Ik0yMS41NDQgMTcuOTY3YzAgMS45ODItMS42MDYgMy41ODgtMy41ODggMy41ODhzLTMuNTg4LTEuNjA2LTMuNTg4LTMuNTg4YzAtMS45ODEgMS42MDYtMy41ODggMy41ODgtMy41ODhzMy41ODggMS42MDYgMy41ODggMy41ODh6IiBvcGFjaXR5PSIxIiB2aXNpYmlsaXR5PSJmYWxzZSIgZmlsbD0iI2Q3ZDdkNyI+PC9wYXRoPgo8L3N2Zz4K" alt="Perdue Natural Breaded Chicken Breast Nuggets Fresh 12 OZ PKG" class="product-grid-image object-contain product-grid-cell_main-image" skeleton-box-size="14rem"></div></a><div class="product-grid-cell_price-tag product-grid-cell_price-tag--full-tile"><div class="product-tile_detail"><div class="skeleton-loader_wrapper cursor-pointer"><!-- eslint-disable-next-line vuejs-accessibility/click-events-have-key-events --><div class="product-grid-cell_price-container product-grid-cell_price-container_column"><span class="sr-only">Perdue Natural Breaded Chicken Breast Nuggets Fresh</span><span class="product-grid-cell_main-price product-grid-cell_main-price--on-sale"><span class="sr-only"> Sale Price </span> $2.50</span><div class="product-grid-cell_was-container"><span class="product-grid-cell_regular-price mb-1 product-grid-cell_regular-price--small"><span class="sr-only"> Original Price </span> $3.99</span></div></div><!--v-if--></div><!--v-if--></div><button class="product-tile_detail-title"><div class="skeleton-loader_wrapper"><div class="product-grid-cell_name"><a id="product-name-63784-17497327346841055" class="product-grid-cell_name-text product-grid-cell_name-text--small product-grid-cell_name-text--clamp-2" href="https://stopandshop.com/product/perdue-natural-breaded-chicken-breast-nuggets-fresh-12-oz-pkg/63784" data-opens-modal="true" aria-haspopup="dialog"><!--v-if--> Perdue Natural Breaded Chicken Breast Nuggets Fresh</a></div><!--v-if--><!--v-if--></div><div class="skeleton-loader_wrapper"><!-- eslint-disable-next-line vuejs-accessibility/click-events-have-key-events --><div class="product-grid-cell_sizes"><span class="product-grid-cell_size">12 OZ PKG</span><span aria-hidden="true"> | </span><!--v-if--><span class="product-grid-cell_unit">$3.33 /LB</span></div><!--v-if--></div><!--v-if--></button><div class="product-grid-cell_promo-name"><!--v-if--><!--v-if--><!--v-if--><!--v-if--><!--v-if--></div><!--v-if--><!--v-if--><!--v-if--><!--v-if--><div class="margin-top--one"><!--v-if--><div class="pdl-add-to-cart" coupon-clipped="false"><div class="pdl-add-to-cart_button"><button class="button button--add-to-cart add-sale" aria-label="Add to cart" data-product-id="63784" data-price="2.5">Add to cart <!--v-if--></button><!--v-if--><!--v-if--><!-- Swap n Save --><!--v-if--></div><!--v-if--></div><!--v-if--><!--v-if--></div><!--v-if--></div></div><!-- MOBILE VIEW --><!--v-if--><!-- This is for xxsmall devices --><div class="mobile-product-list-cell_bottom m-4 hidden"><div class="mobile-product-list-cell_bottom_cart-ui-wrapper"><!--v-if--><div class="pdl-add-to-cart" coupon-clipped="false"><div class="pdl-add-to-cart_button"><button class="button button--add-to-cart add-sale" aria-label="Add to cart" data-product-id="63784" data-price="2.5">Add to cart <!--v-if--></button><!--v-if--><!--v-if--><!-- Swap n Save --><!--v-if--></div><!--v-if--></div><!--v-if--><!--v-if--></div><!--v-if--></div><div class="product-tile_action-items" is-typeahead="false"><!--v-if--><!--v-if--><div class="shopping-list-menu_container"><div class="relative-el"><button class="button pdl-product-detail_top-icon button--fourth pdl-product-detail_top-icon--borderless" aria-label="add to shopping list" page-view="browse aisles" title="On Sale in Meat"><!--v-if--><div class="vector-icon-size--large"><svg xmlns="http://www.w3.org/2000/svg" class="vector-icon-color--dark-grey" aria-label="Shopping List Icon Add" viewBox="0 0 32 32" role="presentation" aria-hidden="true" focusable="false"><title lang="en">Shopping List Icon Add</title><desc></desc><g fill="" stroke=""><g><path d="M21.94066,15.3368884 L21.94066,12.8931995 C21.94066,12.3409148 22.3883752,11.8931995 22.94066,11.8931995 C23.4929447,11.8931995 23.94066,12.3409148 23.94066,12.8931995 L23.94066,15.3368884 L26.2522624,15.3368884 C26.8045471,15.3368884 27.2522624,15.7846037 27.2522624,16.3368884 C27.2522624,16.8891732 26.8045471,17.3368884 26.2522624,17.3368884 L23.94066,17.3368884 L23.94066,19.8787952 C23.94066,20.43108 23.4929447,20.8787952 22.94066,20.8787952 C22.3883752,20.8787952 21.94066,20.43108 21.94066,19.8787952 L21.94066,17.3368884 L19.2666667,17.3368884 C18.7143819,17.3368884 18.2666667,16.8891732 18.2666667,16.3368884 C18.2666667,15.7846037 18.7143819,15.3368884 19.2666667,15.3368884 L21.94066,15.3368884 Z M8,12 C7.44771525,12 7,11.5522847 7,11 C7,10.4477153 7.44771525,10 8,10 L19.1153581,10 C19.6676429,10 20.1153581,10.4477153 20.1153581,11 C20.1153581,11.5522847 19.6676429,12 19.1153581,12 L8,12 Z M8,17.3368884 C7.44771525,17.3368884 7,16.8891732 7,16.3368884 C7,15.7846037 7.44771525,15.3368884 8,15.3368884 L14.7200696,15.3368884 C15.2723543,15.3368884 15.7200696,15.7846037 15.7200696,16.3368884 C15.7200696,16.8891732 15.2723543,17.3368884 14.7200696,17.3368884 L8,17.3368884 Z M8,23 C7.44771525,23 7,22.5522847 7,22 C7,21.4477153 7.44771525,21 8,21 L19.1153581,21 C19.6676429,21 20.1153581,21.4477153 20.1153581,22 C20.1153581,22.5522847 19.6676429,23 19.1153581,23 L8,23 Z" fill="#000000" fill-rule="nonzero"></path></g></g></svg></div><div class="pdl-product-detail_list-tooltip"><p class="no-wrap">Sign in to add to shopping list</p><em></em></div></button></div></div></div><!--v-if--></li><!-- eslint-disable vuejs-accessibility/mouse-events-have-key-events --><li tabindex="-1" data-product-id="37119" class="tile product-cell product-grid-cell mb-0"><!--v-if--><!--v-if--><!--v-if--><div class="product-tile_content"><div class="flag_outer-container"><div class=""><svg xmlns="http://www.w3.org/2000/svg" class="w-20 ml-3" aria-label="Sale" viewBox="0 0 32 32" role="presentation" aria-hidden="true" focusable="false"><title lang="en">Sale</title><desc></desc><g fill="" stroke=""><g><path d="M16.56 19.87a3.81 3.81 0 0 1-1-.13l-13.39-3.5a1.5 1.5 0 0 1-1.12-1.34l-.81-11a1.52 1.52 0 0 1 1.39-1.61l27.69-2h.11a1.51 1.51 0 0 1 1.5 1.4l.82 11a1.52 1.52 0 0 1-.91 1.5l-12.72 5.36a3.79 3.79 0 0 1-1.56.32Z" fill="#ed1256"></path><path fill="#fff" d="M29.43.48a1.26 1.26 0 0 1 1.26 1.17l.82 11a1.27 1.27 0 0 1-.76 1.26L18 19.34a3.72 3.72 0 0 1-1.47.3 3.79 3.79 0 0 1-.94-.12L2.24 16a1.27 1.27 0 0 1-1-1.13l-.81-11a1.26 1.26 0 0 1 1.22-1.33L29.34.48h.09m0-.48h-.13L1.62 2A1.76 1.76 0 0 0 0 3.92l.82 11a1.73 1.73 0 0 0 1.3 1.55L15.5 20a4.3 4.3 0 0 0 1.07.14 4.24 4.24 0 0 0 1.65-.34l12.72-5.44A1.76 1.76 0 0 0 32 12.59l-.82-11A1.76 1.76 0 0 0 29.43 0Z"></path><path fill="#fff" d="M3.74 9.87a3 3 0 0 0 .82.55 2.21 2.21 0 0 0 1.08.19 1.6 1.6 0 0 0 .29 0 1 1 0 0 0 .26-.12.58.58 0 0 0 .18-.2.62.62 0 0 0 0-.31.59.59 0 0 0-.32-.49 3.38 3.38 0 0 0-.85-.34L4.84 9a4.19 4.19 0 0 1-.69-.26 2.44 2.44 0 0 1-.63-.41 1.92 1.92 0 0 1-.7-1.42 2.68 2.68 0 0 1 .1-1A2.2 2.2 0 0 1 3.39 5a2.42 2.42 0 0 1 .82-.6 3.15 3.15 0 0 1 1.17-.28 3.68 3.68 0 0 1 1.72.24 3 3 0 0 1 .57.29A2.66 2.66 0 0 1 8 5l-.82 1.37a4.42 4.42 0 0 0-.82-.45 2 2 0 0 0-.85-.13 1.4 1.4 0 0 0-.28.06A.9.9 0 0 0 5 6a.62.62 0 0 0-.16.2.5.5 0 0 0 0 .28.6.6 0 0 0 .1.31.68.68 0 0 0 .24.2 1.27 1.27 0 0 0 .35.15l.43.13.35.09a7.49 7.49 0 0 1 .69.22 2.2 2.2 0 0 1 .72.42 2.46 2.46 0 0 1 .54.68 2.31 2.31 0 0 1 .27 1 2.15 2.15 0 0 1-.15 1 2.53 2.53 0 0 1-.56.84 2.77 2.77 0 0 1-.88.59 4 4 0 0 1-1.11.27A4.67 4.67 0 0 1 4 12.25a3.79 3.79 0 0 1-1.28-.75ZM11.29 3.89l2.17-.16 3.1 7.7-2 .15L14 10l-2.39.18-.35 1.67-2 .14Zm2.15 4.6-1-2.84-.61 2.95ZM17 3.47l1.89-.14.44 6 3.3-.25.16 1.92-5.19.39ZM23.36 3l5.13-.38.13 1.8-3.24.24.09 1.22 2.66-.2.12 1.7-2.65.2.09 1.35 3.46-.26.13 1.81-5.34.4Z"></path></g></g></svg></div><!--v-if--><!--v-if--><!--v-if--><!--v-if--></div><a href="https://stopandshop.com/product/smithfield-hickory-smoked-hometown-original-bacon-sliced-16-oz-pkg/37119" aria-hidden="true" tabindex="-1"><div><!--v-if--><img src="data:image/svg+xml;base64,PD94bWwgdmVyc2lvbj0iMS4wIiBlbmNvZGluZz0idXRmLTgiPz4KPCEtLSBHZW5lcmF0ZWQgYnkgSWNvTW9vbi5pbyAtLT4KPCFET0NUWVBFIHN2ZyBQVUJMSUMgIi0vL1czQy8vRFREIFNWRyAxLjEvL0VOIiAiaHR0cDovL3d3dy53My5vcmcvR3JhcGhpY3MvU1ZHLzEuMS9EVEQvc3ZnMTEuZHRkIj4KPHN2ZyB2ZXJzaW9uPSIxLjEiIHhtbG5zPSJodHRwOi8vd3d3LnczLm9yZy8yMDAwL3N2ZyIgeG1sbnM6eGxpbms9Imh0dHA6Ly93d3cudzMub3JnLzE5OTkveGxpbmsiIHdpZHRoPSI0OCIgaGVpZ2h0PSI0OCIgdmlld0JveD0iMCAwIDQ4IDQ4Ij4KPGcgaWQ9Imljb21vb24taWdub3JlIj4KCTxsaW5lIHN0cm9rZS13aWR0aD0iMSIgeDE9IiIgeTE9IiIgeDI9IiIgeTI9IiIgc3Ryb2tlPSIjNDQ5RkRCIiBvcGFjaXR5PSIiPjwvbGluZT4KPC9nPgoJPHBhdGggZD0iTTM4LjQ4IDkuMDcwYzAuMjQ4IDAgMC40NSAwLjIwMiAwLjQ1IDAuNDV2MjguOTU5YzAgMC4yNDgtMC4yMDIgMC40NS0wLjQ1IDAuNDVoLTI4Ljk1OWMtMC4yNDggMC0wLjQ1LTAuMjAyLTAuNDUtMC40NXYtMjguOTU5YzAtMC4yNDggMC4yMDItMC40NSAwLjQ1LTAuNDVoMjguOTU5ek0zOC40OCA4aC0yOC45NTljLTAuODQgMC0xLjUyIDAuNjgxLTEuNTIgMS41MjF2MjguOTU5YzAgMC44NCAwLjY4MSAxLjUyMSAxLjUyIDEuNTIxaDI4Ljk1OWMwLjg0IDAgMS41Mi0wLjY4MSAxLjUyLTEuNTIxdi0yOC45NTljMC0wLjg0LTAuNjgxLTEuNTIxLTEuNTItMS41MjF2MHoiIG9wYWNpdHk9IjEiIHZpc2liaWxpdHk9ImZhbHNlIiBmaWxsPSIjZDdkN2Q3Ij48L3BhdGg+Cgk8cGF0aCBkPSJNMTIuMjI4IDM1LjIyNHYtMy4zMjljMC0wLjE0NSAwLjA1OC0wLjI4NSAwLjE2LTAuMzg4bDUuNTg3LTUuNTg3YzAuMjE0LTAuMjE0IDAuNTYxLTAuMjE0IDAuNzc1IDBsMi4xMTkgMi4xMTljMC4yMTQgMC4yMTQgMC41NjEgMC4yMTQgMC43NzUgMGw4LjE5MS04LjE5MmMwLjIxNC0wLjIxNCAwLjU2MS0wLjIxNCAwLjc3NSAwbDUgNWMwLjEwMyAwLjEwMyAwLjE2IDAuMjQyIDAuMTYgMC4zODh2OS45ODhjMCAwLjMwMy0wLjI0NSAwLjU0OC0wLjU0OCAwLjU0OGgtMjIuNDQ3Yy0wLjMwMyAwLTAuNTQ4LTAuMjQ1LTAuNTQ4LTAuNTQ4eiIgb3BhY2l0eT0iMSIgdmlzaWJpbGl0eT0iZmFsc2UiIGZpbGw9IiNkN2Q3ZDciPjwvcGF0aD4KCTxwYXRoIGQ9Ik0yMS41NDQgMTcuOTY3YzAgMS45ODItMS42MDYgMy41ODgtMy41ODggMy41ODhzLTMuNTg4LTEuNjA2LTMuNTg4LTMuNTg4YzAtMS45ODEgMS42MDYtMy41ODggMy41ODgtMy41ODhzMy41ODggMS42MDYgMy41ODggMy41ODh6IiBvcGFjaXR5PSIxIiB2aXNpYmlsaXR5PSJmYWxzZSIgZmlsbD0iI2Q3ZDdkNyI+PC9wYXRoPgo8L3N2Zz4K" alt="Smithfield Hickory Smoked Hometown Original Bacon Sliced 16 OZ PKG" class="product-grid-image object-contain product-grid-cell_main-image" skeleton-box-size="14rem"></div></a><div class="product-grid-cell_price-tag product-grid-cell_price-tag--full-tile"><div class="product-tile_detail"><div class="skeleton-loader_wrapper cursor-pointer"><!-- eslint-disable-next-line vuejs-accessibility/click-events-have-key-events --><div class="product-grid-cell_price-container product-grid-cell_price-container_column"><span class="sr-only">Smithfield Hickory Smoked Hometown Original Bacon Sliced</span><span class="product-grid-cell_main-price product-grid-cell_main-price--on-sale"><span class="sr-only"> Sale Price </span> $5.99</span><div class="product-grid-cell_was-container"><span class="product-grid-cell_regular-price mb-1 product-grid-cell_regular-price--small"><span class="sr-only"> Original Price </span> $7.79</span></div></div><!--v-if--></div><!--v-if--></div><button class="product-tile_detail-title"><div class="skeleton-loader_wrapper"><div class="product-grid-cell_name"><a id="product-name-37119-17497327346855124" class="product-grid-cell_name-text product-grid-cell_name-text--small product-grid-cell_name-text--clamp-2" href="https://stopandshop.com/product/smithfield-hickory-smoked-hometown-original-bacon-sliced-16-oz-pkg/37119" data-opens-modal="true" aria-haspopup="dialog"><!--v-if--> Smithfield Hickory Smoked Hometown Original Bacon Sliced</a></div><!--v-if--><!--v-if--></div><div class="skeleton-loader_wrapper"><!-- eslint-disable-next-line vuejs-accessibility/click-events-have-key-events --><div class="product-grid-cell_sizes"><span class="product-grid-cell_size">16 OZ PKG</span><span aria-hidden="true"> | </span><!--v-if--><span class="product-grid-cell_unit">$5.99 /LB</span></div><!--v-if--></div><!--v-if--></button><div class="product-grid-cell_promo-name"><!--v-if--><!--v-if--><!--v-if--><!--v-if--><!--v-if--></div><!--v-if--><!--v-if--><!--v-if--><!--v-if--><div class="margin-top--one"><!--v-if--><div class="pdl-add-to-cart" coupon-clipped="false"><div class="pdl-add-to-cart_button"><button class="button button--add-to-cart add-sale" aria-label="Add to cart" data-product-id="37119" data-price="5.99">Add to cart <!--v-if--></button><!--v-if--><!--v-if--><!-- Swap n Save --><!--v-if--></div><!--v-if--></div><!--v-if--><!--v-if--></div><!--v-if--></div></div><!-- MOBILE VIEW --><!--v-if--><!-- This is for xxsmall devices --><div class="mobile-product-list-cell_bottom m-4 hidden"><div class="mobile-product-list-cell_bottom_cart-ui-wrapper"><!--v-if--><div class="pdl-add-to-cart" coupon-clipped="false"><div class="pdl-add-to-cart_button"><button class="button button--add-to-cart add-sale" aria-label="Add to cart" data-product-id="37119" data-price="5.99">Add to cart <!--v-if--></button><!--v-if--><!--v-if--><!-- Swap n Save --><!--v-if--></div><!--v-if--></div><!--v-if--><!--v-if--></div><!--v-if--></div><div class="product-tile_action-items" is-typeahead="false"><!--v-if--><!--v-if--><div class="shopping-list-menu_container"><div class="relative-el"><button class="button pdl-product-detail_top-icon button--fourth pdl-product-detail_top-icon--borderless" aria-label="add to shopping list" page-view="browse aisles" title="On Sale in Meat"><!--v-if--><div class="vector-icon-size--large"><svg xmlns="http://www.w3.org/2000/svg" class="vector-icon-color--dark-grey" aria-label="Shopping List Icon Add" viewBox="0 0 32 32" role="presentation" aria-hidden="true" focusable="false"><title lang="en">Shopping List Icon Add</title><desc></desc><g fill="" stroke=""><g><path d="M21.94066,15.3368884 L21.94066,12.8931995 C21.94066,12.3409148 22.3883752,11.8931995 22.94066,11.8931995 C23.4929447,11.8931995 23.94066,12.3409148 23.94066,12.8931995 L23.94066,15.3368884 L26.2522624,15.3368884 C26.8045471,15.3368884 27.2522624,15.7846037 27.2522624,16.3368884 C27.2522624,16.8891732 26.8045471,17.3368884 26.2522624,17.3368884 L23.94066,17.3368884 L23.94066,19.8787952 C23.94066,20.43108 23.4929447,20.8787952 22.94066,20.8787952 C22.3883752,20.8787952 21.94066,20.43108 21.94066,19.8787952 L21.94066,17.3368884 L19.2666667,17.3368884 C18.7143819,17.3368884 18.2666667,16.8891732 18.2666667,16.3368884 C18.2666667,15.7846037 18.7143819,15.3368884 19.2666667,15.3368884 L21.94066,15.3368884 Z M8,12 C7.44771525,12 7,11.5522847 7,11 C7,10.4477153 7.44771525,10 8,10 L19.1153581,10 C19.6676429,10 20.1153581,10.4477153 20.1153581,11 C20.1153581,11.5522847 19.6676429,12 19.1153581,12 L8,12 Z M8,17.3368884 C7.44771525,17.3368884 7,16.8891732 7,16.3368884 C7,15.7846037 7.44771525,15.3368884 8,15.3368884 L14.7200696,15.3368884 C15.2723543,15.3368884 15.7200696,15.7846037 15.7200696,16.3368884 C15.7200696,16.8891732 15.2723543,17.3368884 14.7200696,17.3368884 L8,17.3368884 Z M8,23 C7.44771525,23 7,22.5522847 7,22 C7,21.4477153 7.44771525,21 8,21 L19.1153581,21 C19.6676429,21 20.1153581,21.4477153 20.1153581,22 C20.1153581,22.5522847 19.6676429,23 19.1153581,23 L8,23 Z" fill="#000000" fill-rule="nonzero"></path></g></g></svg></div><div class="pdl-product-detail_list-tooltip"><p class="no-wrap">Sign in to add to shopping list</p><em></em></div></button></div></div></div><!--v-if--></li><!--v-if--></ul><!--v-if--><!--v-if--><!--v-if--><!--v-if--></div><div tabindex="-1" class="pdl-carousel_item zone-block_carousel-item" style="height: auto; width: 697px;"><ul class="product-list product-list-triple pt-0 pdl-carousel_content" islastslide="false" itemcountpriorslide="[object Object]" index="2" style="height: auto;"><!-- eslint-disable vuejs-accessibility/mouse-events-have-key-events --><li tabindex="-1" data-product-id="120339" class="tile product-cell product-grid-cell mb-0"><!--v-if--><!--v-if--><!--v-if--><div class="product-tile_content"><div class="flag_outer-container"><div class=""><svg xmlns="http://www.w3.org/2000/svg" class="w-20 ml-3" aria-label="Sale" viewBox="0 0 32 32" role="presentation" aria-hidden="true" focusable="false"><title lang="en">Sale</title><desc></desc><g fill="" stroke=""><g><path d="M16.56 19.87a3.81 3.81 0 0 1-1-.13l-13.39-3.5a1.5 1.5 0 0 1-1.12-1.34l-.81-11a1.52 1.52 0 0 1 1.39-1.61l27.69-2h.11a1.51 1.51 0 0 1 1.5 1.4l.82 11a1.52 1.52 0 0 1-.91 1.5l-12.72 5.36a3.79 3.79 0 0 1-1.56.32Z" fill="#ed1256"></path><path fill="#fff" d="M29.43.48a1.26 1.26 0 0 1 1.26 1.17l.82 11a1.27 1.27 0 0 1-.76 1.26L18 19.34a3.72 3.72 0 0 1-1.47.3 3.79 3.79 0 0 1-.94-.12L2.24 16a1.27 1.27 0 0 1-1-1.13l-.81-11a1.26 1.26 0 0 1 1.22-1.33L29.34.48h.09m0-.48h-.13L1.62 2A1.76 1.76 0 0 0 0 3.92l.82 11a1.73 1.73 0 0 0 1.3 1.55L15.5 20a4.3 4.3 0 0 0 1.07.14 4.24 4.24 0 0 0 1.65-.34l12.72-5.44A1.76 1.76 0 0 0 32 12.59l-.82-11A1.76 1.76 0 0 0 29.43 0Z"></path><path fill="#fff" d="M3.74 9.87a3 3 0 0 0 .82.55 2.21 2.21 0 0 0 1.08.19 1.6 1.6 0 0 0 .29 0 1 1 0 0 0 .26-.12.58.58 0 0 0 .18-.2.62.62 0 0 0 0-.31.59.59 0 0 0-.32-.49 3.38 3.38 0 0 0-.85-.34L4.84 9a4.19 4.19 0 0 1-.69-.26 2.44 2.44 0 0 1-.63-.41 1.92 1.92 0 0 1-.7-1.42 2.68 2.68 0 0 1 .1-1A2.2 2.2 0 0 1 3.39 5a2.42 2.42 0 0 1 .82-.6 3.15 3.15 0 0 1 1.17-.28 3.68 3.68 0 0 1 1.72.24 3 3 0 0 1 .57.29A2.66 2.66 0 0 1 8 5l-.82 1.37a4.42 4.42 0 0 0-.82-.45 2 2 0 0 0-.85-.13 1.4 1.4 0 0 0-.28.06A.9.9 0 0 0 5 6a.62.62 0 0 0-.16.2.5.5 0 0 0 0 .28.6.6 0 0 0 .1.31.68.68 0 0 0 .24.2 1.27 1.27 0 0 0 .35.15l.43.13.35.09a7.49 7.49 0 0 1 .69.22 2.2 2.2 0 0 1 .72.42 2.46 2.46 0 0 1 .54.68 2.31 2.31 0 0 1 .27 1 2.15 2.15 0 0 1-.15 1 2.53 2.53 0 0 1-.56.84 2.77 2.77 0 0 1-.88.59 4 4 0 0 1-1.11.27A4.67 4.67 0 0 1 4 12.25a3.79 3.79 0 0 1-1.28-.75ZM11.29 3.89l2.17-.16 3.1 7.7-2 .15L14 10l-2.39.18-.35 1.67-2 .14Zm2.15 4.6-1-2.84-.61 2.95ZM17 3.47l1.89-.14.44 6 3.3-.25.16 1.92-5.19.39ZM23.36 3l5.13-.38.13 1.8-3.24.24.09 1.22 2.66-.2.12 1.7-2.65.2.09 1.35 3.46-.26.13 1.81-5.34.4Z"></path></g></g></svg></div><!--v-if--><!--v-if--><!--v-if--><!--v-if--></div><a href="https://stopandshop.com/product/perdue-natural-breaded-chicken-breast-popcorn-bites-fresh-12-oz-pkg/120339" aria-hidden="true" tabindex="-1"><div><!--v-if--><img src="data:image/svg+xml;base64,PD94bWwgdmVyc2lvbj0iMS4wIiBlbmNvZGluZz0idXRmLTgiPz4KPCEtLSBHZW5lcmF0ZWQgYnkgSWNvTW9vbi5pbyAtLT4KPCFET0NUWVBFIHN2ZyBQVUJMSUMgIi0vL1czQy8vRFREIFNWRyAxLjEvL0VOIiAiaHR0cDovL3d3dy53My5vcmcvR3JhcGhpY3MvU1ZHLzEuMS9EVEQvc3ZnMTEuZHRkIj4KPHN2ZyB2ZXJzaW9uPSIxLjEiIHhtbG5zPSJodHRwOi8vd3d3LnczLm9yZy8yMDAwL3N2ZyIgeG1sbnM6eGxpbms9Imh0dHA6Ly93d3cudzMub3JnLzE5OTkveGxpbmsiIHdpZHRoPSI0OCIgaGVpZ2h0PSI0OCIgdmlld0JveD0iMCAwIDQ4IDQ4Ij4KPGcgaWQ9Imljb21vb24taWdub3JlIj4KCTxsaW5lIHN0cm9rZS13aWR0aD0iMSIgeDE9IiIgeTE9IiIgeDI9IiIgeTI9IiIgc3Ryb2tlPSIjNDQ5RkRCIiBvcGFjaXR5PSIiPjwvbGluZT4KPC9nPgoJPHBhdGggZD0iTTM4LjQ4IDkuMDcwYzAuMjQ4IDAgMC40NSAwLjIwMiAwLjQ1IDAuNDV2MjguOTU5YzAgMC4yNDgtMC4yMDIgMC40NS0wLjQ1IDAuNDVoLTI4Ljk1OWMtMC4yNDggMC0wLjQ1LTAuMjAyLTAuNDUtMC40NXYtMjguOTU5YzAtMC4yNDggMC4yMDItMC40NSAwLjQ1LTAuNDVoMjguOTU5ek0zOC40OCA4aC0yOC45NTljLTAuODQgMC0xLjUyIDAuNjgxLTEuNTIgMS41MjF2MjguOTU5YzAgMC44NCAwLjY4MSAxLjUyMSAxLjUyIDEuNTIxaDI4Ljk1OWMwLjg0IDAgMS41Mi0wLjY4MSAxLjUyLTEuNTIxdi0yOC45NTljMC0wLjg0LTAuNjgxLTEuNTIxLTEuNTItMS41MjF2MHoiIG9wYWNpdHk9IjEiIHZpc2liaWxpdHk9ImZhbHNlIiBmaWxsPSIjZDdkN2Q3Ij48L3BhdGg+Cgk8cGF0aCBkPSJNMTIuMjI4IDM1LjIyNHYtMy4zMjljMC0wLjE0NSAwLjA1OC0wLjI4NSAwLjE2LTAuMzg4bDUuNTg3LTUuNTg3YzAuMjE0LTAuMjE0IDAuNTYxLTAuMjE0IDAuNzc1IDBsMi4xMTkgMi4xMTljMC4yMTQgMC4yMTQgMC41NjEgMC4yMTQgMC43NzUgMGw4LjE5MS04LjE5MmMwLjIxNC0wLjIxNCAwLjU2MS0wLjIxNCAwLjc3NSAwbDUgNWMwLjEwMyAwLjEwMyAwLjE2IDAuMjQyIDAuMTYgMC4zODh2OS45ODhjMCAwLjMwMy0wLjI0NSAwLjU0OC0wLjU0OCAwLjU0OGgtMjIuNDQ3Yy0wLjMwMyAwLTAuNTQ4LTAuMjQ1LTAuNTQ4LTAuNTQ4eiIgb3BhY2l0eT0iMSIgdmlzaWJpbGl0eT0iZmFsc2UiIGZpbGw9IiNkN2Q3ZDciPjwvcGF0aD4KCTxwYXRoIGQ9Ik0yMS41NDQgMTcuOTY3YzAgMS45ODItMS42MDYgMy41ODgtMy41ODggMy41ODhzLTMuNTg4LTEuNjA2LTMuNTg4LTMuNTg4YzAtMS45ODEgMS42MDYtMy41ODggMy41ODgtMy41ODhzMy41ODggMS42MDYgMy41ODggMy41ODh6IiBvcGFjaXR5PSIxIiB2aXNpYmlsaXR5PSJmYWxzZSIgZmlsbD0iI2Q3ZDdkNyI+PC9wYXRoPgo8L3N2Zz4K" alt="Perdue Natural Breaded Chicken Breast Popcorn Bites Fresh 12 OZ PKG" class="product-grid-image object-contain product-grid-cell_main-image" skeleton-box-size="14rem"></div></a><div class="product-grid-cell_price-tag product-grid-cell_price-tag--full-tile"><div class="product-tile_detail"><div class="skeleton-loader_wrapper cursor-pointer"><!-- eslint-disable-next-line vuejs-accessibility/click-events-have-key-events --><div class="product-grid-cell_price-container product-grid-cell_price-container_column"><span class="sr-only">Perdue Natural Breaded Chicken Breast Popcorn Bites Fresh</span><span class="product-grid-cell_main-price product-grid-cell_main-price--on-sale"><span class="sr-only"> Sale Price </span> $2.50</span><div class="product-grid-cell_was-container"><span class="product-grid-cell_regular-price mb-1 product-grid-cell_regular-price--small"><span class="sr-only"> Original Price </span> $3.99</span></div></div><!--v-if--></div><!--v-if--></div><button class="product-tile_detail-title"><div class="skeleton-loader_wrapper"><div class="product-grid-cell_name"><a id="product-name-120339-17497327346881907" class="product-grid-cell_name-text product-grid-cell_name-text--small product-grid-cell_name-text--clamp-2" href="https://stopandshop.com/product/perdue-natural-breaded-chicken-breast-popcorn-bites-fresh-12-oz-pkg/120339" data-opens-modal="true" aria-haspopup="dialog"><!--v-if--> Perdue Natural Breaded Chicken Breast Popcorn Bites Fresh</a></div><!--v-if--><!--v-if--></div><div class="skeleton-loader_wrapper"><!-- eslint-disable-next-line vuejs-accessibility/click-events-have-key-events --><div class="product-grid-cell_sizes"><span class="product-grid-cell_size">12 OZ PKG</span><span aria-hidden="true"> | </span><!--v-if--><span class="product-grid-cell_unit">$3.33 /LB</span></div><!--v-if--></div><!--v-if--></button><div class="product-grid-cell_promo-name"><!--v-if--><!--v-if--><!--v-if--><!--v-if--><!--v-if--></div><!--v-if--><!--v-if--><!--v-if--><!--v-if--><div class="margin-top--one"><!--v-if--><div class="pdl-add-to-cart" coupon-clipped="false"><div class="pdl-add-to-cart_button"><button class="button button--add-to-cart add-sale" aria-label="Add to cart" data-product-id="120339" data-price="2.5">Add to cart <!--v-if--></button><!--v-if--><!--v-if--><!-- Swap n Save --><!--v-if--></div><!--v-if--></div><!--v-if--><!--v-if--></div><!--v-if--></div></div><!-- MOBILE VIEW --><!--v-if--><!-- This is for xxsmall devices --><div class="mobile-product-list-cell_bottom m-4 hidden"><div class="mobile-product-list-cell_bottom_cart-ui-wrapper"><!--v-if--><div class="pdl-add-to-cart" coupon-clipped="false"><div class="pdl-add-to-cart_button"><button class="button button--add-to-cart add-sale" aria-label="Add to cart" data-product-id="120339" data-price="2.5">Add to cart <!--v-if--></button><!--v-if--><!--v-if--><!-- Swap n Save --><!--v-if--></div><!--v-if--></div><!--v-if--><!--v-if--></div><!--v-if--></div><div class="product-tile_action-items" is-typeahead="false"><!--v-if--><!--v-if--><div class="shopping-list-menu_container"><div class="relative-el"><button class="button pdl-product-detail_top-icon button--fourth pdl-product-detail_top-icon--borderless" aria-label="add to shopping list" page-view="browse aisles" title="On Sale in Meat"><!--v-if--><div class="vector-icon-size--large"><svg xmlns="http://www.w3.org/2000/svg" class="vector-icon-color--dark-grey" aria-label="Shopping List Icon Add" viewBox="0 0 32 32" role="presentation" aria-hidden="true" focusable="false"><title lang="en">Shopping List Icon Add</title><desc></desc><g fill="" stroke=""><g><path d="M21.94066,15.3368884 L21.94066,12.8931995 C21.94066,12.3409148 22.3883752,11.8931995 22.94066,11.8931995 C23.4929447,11.8931995 23.94066,12.3409148 23.94066,12.8931995 L23.94066,15.3368884 L26.2522624,15.3368884 C26.8045471,15.3368884 27.2522624,15.7846037 27.2522624,16.3368884 C27.2522624,16.8891732 26.8045471,17.3368884 26.2522624,17.3368884 L23.94066,17.3368884 L23.94066,19.8787952 C23.94066,20.43108 23.4929447,20.8787952 22.94066,20.8787952 C22.3883752,20.8787952 21.94066,20.43108 21.94066,19.8787952 L21.94066,17.3368884 L19.2666667,17.3368884 C18.7143819,17.3368884 18.2666667,16.8891732 18.2666667,16.3368884 C18.2666667,15.7846037 18.7143819,15.3368884 19.2666667,15.3368884 L21.94066,15.3368884 Z M8,12 C7.44771525,12 7,11.5522847 7,11 C7,10.4477153 7.44771525,10 8,10 L19.1153581,10 C19.6676429,10 20.1153581,10.4477153 20.1153581,11 C20.1153581,11.5522847 19.6676429,12 19.1153581,12 L8,12 Z M8,17.3368884 C7.44771525,17.3368884 7,16.8891732 7,16.3368884 C7,15.7846037 7.44771525,15.3368884 8,15.3368884 L14.7200696,15.3368884 C15.2723543,15.3368884 15.7200696,15.7846037 15.7200696,16.3368884 C15.7200696,16.8891732 15.2723543,17.3368884 14.7200696,17.3368884 L8,17.3368884 Z M8,23 C7.44771525,23 7,22.5522847 7,22 C7,21.4477153 7.44771525,21 8,21 L19.1153581,21 C19.6676429,21 20.1153581,21.4477153 20.1153581,22 C20.1153581,22.5522847 19.6676429,23 19.1153581,23 L8,23 Z" fill="#000000" fill-rule="nonzero"></path></g></g></svg></div><div class="pdl-product-detail_list-tooltip"><p class="no-wrap">Sign in to add to shopping list</p><em></em></div></button></div></div></div><!--v-if--></li><!-- eslint-disable vuejs-accessibility/mouse-events-have-key-events --><li tabindex="-1" data-product-id="118909" class="tile product-cell product-grid-cell mb-0"><!--v-if--><!--v-if--><!--v-if--><div class="product-tile_content"><div class="flag_outer-container"><div class=""><svg xmlns="http://www.w3.org/2000/svg" class="w-20 ml-3" aria-label="Sale" viewBox="0 0 32 32" role="presentation" aria-hidden="true" focusable="false"><title lang="en">Sale</title><desc></desc><g fill="" stroke=""><g><path d="M16.56 19.87a3.81 3.81 0 0 1-1-.13l-13.39-3.5a1.5 1.5 0 0 1-1.12-1.34l-.81-11a1.52 1.52 0 0 1 1.39-1.61l27.69-2h.11a1.51 1.51 0 0 1 1.5 1.4l.82 11a1.52 1.52 0 0 1-.91 1.5l-12.72 5.36a3.79 3.79 0 0 1-1.56.32Z" fill="#ed1256"></path><path fill="#fff" d="M29.43.48a1.26 1.26 0 0 1 1.26 1.17l.82 11a1.27 1.27 0 0 1-.76 1.26L18 19.34a3.72 3.72 0 0 1-1.47.3 3.79 3.79 0 0 1-.94-.12L2.24 16a1.27 1.27 0 0 1-1-1.13l-.81-11a1.26 1.26 0 0 1 1.22-1.33L29.34.48h.09m0-.48h-.13L1.62 2A1.76 1.76 0 0 0 0 3.92l.82 11a1.73 1.73 0 0 0 1.3 1.55L15.5 20a4.3 4.3 0 0 0 1.07.14 4.24 4.24 0 0 0 1.65-.34l12.72-5.44A1.76 1.76 0 0 0 32 12.59l-.82-11A1.76 1.76 0 0 0 29.43 0Z"></path><path fill="#fff" d="M3.74 9.87a3 3 0 0 0 .82.55 2.21 2.21 0 0 0 1.08.19 1.6 1.6 0 0 0 .29 0 1 1 0 0 0 .26-.12.58.58 0 0 0 .18-.2.62.62 0 0 0 0-.31.59.59 0 0 0-.32-.49 3.38 3.38 0 0 0-.85-.34L4.84 9a4.19 4.19 0 0 1-.69-.26 2.44 2.44 0 0 1-.63-.41 1.92 1.92 0 0 1-.7-1.42 2.68 2.68 0 0 1 .1-1A2.2 2.2 0 0 1 3.39 5a2.42 2.42 0 0 1 .82-.6 3.15 3.15 0 0 1 1.17-.28 3.68 3.68 0 0 1 1.72.24 3 3 0 0 1 .57.29A2.66 2.66 0 0 1 8 5l-.82 1.37a4.42 4.42 0 0 0-.82-.45 2 2 0 0 0-.85-.13 1.4 1.4 0 0 0-.28.06A.9.9 0 0 0 5 6a.62.62 0 0 0-.16.2.5.5 0 0 0 0 .28.6.6 0 0 0 .1.31.68.68 0 0 0 .24.2 1.27 1.27 0 0 0 .35.15l.43.13.35.09a7.49 7.49 0 0 1 .69.22 2.2 2.2 0 0 1 .72.42 2.46 2.46 0 0 1 .54.68 2.31 2.31 0 0 1 .27 1 2.15 2.15 0 0 1-.15 1 2.53 2.53 0 0 1-.56.84 2.77 2.77 0 0 1-.88.59 4 4 0 0 1-1.11.27A4.67 4.67 0 0 1 4 12.25a3.79 3.79 0 0 1-1.28-.75ZM11.29 3.89l2.17-.16 3.1 7.7-2 .15L14 10l-2.39.18-.35 1.67-2 .14Zm2.15 4.6-1-2.84-.61 2.95ZM17 3.47l1.89-.14.44 6 3.3-.25.16 1.92-5.19.39ZM23.36 3l5.13-.38.13 1.8-3.24.24.09 1.22 2.66-.2.12 1.7-2.65.2.09 1.35 3.46-.26.13 1.81-5.34.4Z"></path></g></g></svg></div><!--v-if--><!--v-if--><!--v-if--><!--v-if--></div><a href="https://stopandshop.com/product/stop-shop-sweet-italian-sausage-5-ct-fresh-16-oz-pkg/118909" aria-hidden="true" tabindex="-1"><div><!--v-if--><img src="data:image/svg+xml;base64,PD94bWwgdmVyc2lvbj0iMS4wIiBlbmNvZGluZz0idXRmLTgiPz4KPCEtLSBHZW5lcmF0ZWQgYnkgSWNvTW9vbi5pbyAtLT4KPCFET0NUWVBFIHN2ZyBQVUJMSUMgIi0vL1czQy8vRFREIFNWRyAxLjEvL0VOIiAiaHR0cDovL3d3dy53My5vcmcvR3JhcGhpY3MvU1ZHLzEuMS9EVEQvc3ZnMTEuZHRkIj4KPHN2ZyB2ZXJzaW9uPSIxLjEiIHhtbG5zPSJodHRwOi8vd3d3LnczLm9yZy8yMDAwL3N2ZyIgeG1sbnM6eGxpbms9Imh0dHA6Ly93d3cudzMub3JnLzE5OTkveGxpbmsiIHdpZHRoPSI0OCIgaGVpZ2h0PSI0OCIgdmlld0JveD0iMCAwIDQ4IDQ4Ij4KPGcgaWQ9Imljb21vb24taWdub3JlIj4KCTxsaW5lIHN0cm9rZS13aWR0aD0iMSIgeDE9IiIgeTE9IiIgeDI9IiIgeTI9IiIgc3Ryb2tlPSIjNDQ5RkRCIiBvcGFjaXR5PSIiPjwvbGluZT4KPC9nPgoJPHBhdGggZD0iTTM4LjQ4IDkuMDcwYzAuMjQ4IDAgMC40NSAwLjIwMiAwLjQ1IDAuNDV2MjguOTU5YzAgMC4yNDgtMC4yMDIgMC40NS0wLjQ1IDAuNDVoLTI4Ljk1OWMtMC4yNDggMC0wLjQ1LTAuMjAyLTAuNDUtMC40NXYtMjguOTU5YzAtMC4yNDggMC4yMDItMC40NSAwLjQ1LTAuNDVoMjguOTU5ek0zOC40OCA4aC0yOC45NTljLTAuODQgMC0xLjUyIDAuNjgxLTEuNTIgMS41MjF2MjguOTU5YzAgMC44NCAwLjY4MSAxLjUyMSAxLjUyIDEuNTIxaDI4Ljk1OWMwLjg0IDAgMS41Mi0wLjY4MSAxLjUyLTEuNTIxdi0yOC45NTljMC0wLjg0LTAuNjgxLTEuNTIxLTEuNTItMS41MjF2MHoiIG9wYWNpdHk9IjEiIHZpc2liaWxpdHk9ImZhbHNlIiBmaWxsPSIjZDdkN2Q3Ij48L3BhdGg+Cgk8cGF0aCBkPSJNMTIuMjI4IDM1LjIyNHYtMy4zMjljMC0wLjE0NSAwLjA1OC0wLjI4NSAwLjE2LTAuMzg4bDUuNTg3LTUuNTg3YzAuMjE0LTAuMjE0IDAuNTYxLTAuMjE0IDAuNzc1IDBsMi4xMTkgMi4xMTljMC4yMTQgMC4yMTQgMC41NjEgMC4yMTQgMC43NzUgMGw4LjE5MS04LjE5MmMwLjIxNC0wLjIxNCAwLjU2MS0wLjIxNCAwLjc3NSAwbDUgNWMwLjEwMyAwLjEwMyAwLjE2IDAuMjQyIDAuMTYgMC4zODh2OS45ODhjMCAwLjMwMy0wLjI0NSAwLjU0OC0wLjU0OCAwLjU0OGgtMjIuNDQ3Yy0wLjMwMyAwLTAuNTQ4LTAuMjQ1LTAuNTQ4LTAuNTQ4eiIgb3BhY2l0eT0iMSIgdmlzaWJpbGl0eT0iZmFsc2UiIGZpbGw9IiNkN2Q3ZDciPjwvcGF0aD4KCTxwYXRoIGQ9Ik0yMS41NDQgMTcuOTY3YzAgMS45ODItMS42MDYgMy41ODgtMy41ODggMy41ODhzLTMuNTg4LTEuNjA2LTMuNTg4LTMuNTg4YzAtMS45ODEgMS42MDYtMy41ODggMy41ODgtMy41ODhzMy41ODggMS42MDYgMy41ODggMy41ODh6IiBvcGFjaXR5PSIxIiB2aXNpYmlsaXR5PSJmYWxzZSIgZmlsbD0iI2Q3ZDdkNyI+PC9wYXRoPgo8L3N2Zz4K" alt="Stop &amp; Shop Sweet Italian Sausage - 5 ct Fresh 16 OZ PKG" class="product-grid-image object-contain product-grid-cell_main-image" skeleton-box-size="14rem"></div></a><div class="product-grid-cell_price-tag product-grid-cell_price-tag--full-tile"><div class="product-tile_detail"><div class="skeleton-loader_wrapper cursor-pointer"><!-- eslint-disable-next-line vuejs-accessibility/click-events-have-key-events --><div class="product-grid-cell_price-container product-grid-cell_price-container_column"><span class="sr-only">Stop &amp; Shop Sweet Italian Sausage - 5 ct Fresh</span><span class="product-grid-cell_main-price product-grid-cell_main-price--on-sale"><span class="sr-only"> Sale Price </span> $3.99</span><div class="product-grid-cell_was-container"><span class="product-grid-cell_regular-price mb-1 product-grid-cell_regular-price--small"><span class="sr-only"> Original Price </span> $4.29</span></div></div><!--v-if--></div><!--v-if--></div><button class="product-tile_detail-title"><div class="skeleton-loader_wrapper"><div class="product-grid-cell_name"><a id="product-name-118909-17497327346895227" class="product-grid-cell_name-text product-grid-cell_name-text--small product-grid-cell_name-text--clamp-2" href="https://stopandshop.com/product/stop-shop-sweet-italian-sausage-5-ct-fresh-16-oz-pkg/118909" data-opens-modal="true" aria-haspopup="dialog"><span class="vector-icon_inline-text--left mr-0"><div class="vector-icon-size--xsmall"><svg xmlns="http://www.w3.org/2000/svg" class="" aria-label="Ahold Icon" viewBox="0 0 1024 945" role="presentation" aria-hidden="true" focusable="false"><title lang="en">Ahold Icon</title><desc></desc><g fill="" stroke=""><g><path d="M1.893 730.617c-1.289-2.094-2.052-4.631-2.052-7.346 0-.747.058-1.481.169-2.197.158-12.396 10.227-22.466 22.687-22.634h895.306c12.476.168 22.545 10.237 22.713 22.698-.521 3.721-1.182 6.924-2.024 10.053l.131-.574c-86.363 175.072-263.598 293.385-468.466 293.385S88.254 905.689 3.252 733.663l-1.361-3.046z" class="path1" fill="#F7A800"></path><path d="M107.889 132.495c1.893-1.893 1.893-3.786 3.786-5.678 2.98-3.491 7.385-5.69 12.303-5.69s9.323 2.199 12.284 5.668l.019.022L613.264 603.8c3.491 2.98 5.69 7.385 5.69 12.303s-2.199 9.323-5.668 12.284c-1.399 1.869-3.361 3.216-5.631 3.789l-.069.015c-38.446 13.732-82.796 21.669-129.001 21.669-108.416 0-206.626-43.699-277.977-114.443C130.241 467.591 86.799 369.1 86.799 260.462c0-45.803 7.722-89.803 21.936-130.767l-.845 2.8z" class="path2" fill="#E2231A"></path><path d="M600.015 1.893a6.922 6.922 0 0 1 5.713-1.889c.057-.006.164-.007.272-.007 7.15 0 12.947 5.796 12.947 12.947 0 .108-.001.215-.004.322v-.016 503.482c.002.091.004.199.004.306 0 7.15-5.796 12.947-12.947 12.947-.108 0-.215-.001-.322-.004a6.925 6.925 0 0 1-5.665-1.895l.002.002c-98.273-48.542-164.673-148.065-164.673-263.098S501.743 50.434 598.306 2.657l1.709-.765z" class="path3" fill="#712177"></path><path d="M938.824 283.919c1.893 0 1.893 1.893 3.786 1.893 1.765 2.012 2.841 4.666 2.841 7.571s-1.077 5.559-2.853 7.584l.011-.013-268.776 266.884c-2.012 1.765-4.666 2.841-7.571 2.841s-5.559-1.077-7.584-2.853a3.774 3.774 0 0 1-1.877-3.793l-.002.019c-7.681-21.529-12.12-46.363-12.12-72.235 0-61.263 24.891-116.712 65.111-156.786 39.326-39.792 93.895-64.431 154.219-64.431 26.857 0 52.573 4.884 76.309 13.812l-1.494-.493z" class="path4" fill="#82BC00"></path></g></g></svg></div></span> Stop &amp; Shop Sweet Italian Sausage - 5 ct Fresh</a></div><!--v-if--><!--v-if--></div><div class="skeleton-loader_wrapper"><!-- eslint-disable-next-line vuejs-accessibility/click-events-have-key-events --><div class="product-grid-cell_sizes"><span class="product-grid-cell_size">16 OZ PKG</span><span aria-hidden="true"> | </span><!--v-if--><span class="product-grid-cell_unit">$3.99 /LB</span></div><!--v-if--></div><!--v-if--></button><div class="product-grid-cell_promo-name"><!--v-if--><!--v-if--><!--v-if--><!--v-if--><!--v-if--></div><!--v-if--><!--v-if--><!--v-if--><!--v-if--><div class="margin-top--one"><!--v-if--><div class="pdl-add-to-cart" coupon-clipped="false"><div class="pdl-add-to-cart_button"><button class="button button--add-to-cart add-sale" aria-label="Add to cart" data-product-id="118909" data-price="3.99">Add to cart <!--v-if--></button><!--v-if--><!--v-if--><!-- Swap n Save --><!--v-if--></div><!--v-if--></div><!--v-if--><!--v-if--></div><!--v-if--></div></div><!-- MOBILE VIEW --><!--v-if--><!-- This is for xxsmall devices --><div class="mobile-product-list-cell_bottom m-4 hidden"><div class="mobile-product-list-cell_bottom_cart-ui-wrapper"><!--v-if--><div class="pdl-add-to-cart" coupon-clipped="false"><div class="pdl-add-to-cart_button"><button class="button button--add-to-cart add-sale" aria-label="Add to cart" data-product-id="118909" data-price="3.99">Add to cart <!--v-if--></button><!--v-if--><!--v-if--><!-- Swap n Save --><!--v-if--></div><!--v-if--></div><!--v-if--><!--v-if--></div><!--v-if--></div><div class="product-tile_action-items" is-typeahead="false"><!--v-if--><!--v-if--><div class="shopping-list-menu_container"><div class="relative-el"><button class="button pdl-product-detail_top-icon button--fourth pdl-product-detail_top-icon--borderless" aria-label="add to shopping list" page-view="browse aisles" title="On Sale in Meat"><!--v-if--><div class="vector-icon-size--large"><svg xmlns="http://www.w3.org/2000/svg" class="vector-icon-color--dark-grey" aria-label="Shopping List Icon Add" viewBox="0 0 32 32" role="presentation" aria-hidden="true" focusable="false"><title lang="en">Shopping List Icon Add</title><desc></desc><g fill="" stroke=""><g><path d="M21.94066,15.3368884 L21.94066,12.8931995 C21.94066,12.3409148 22.3883752,11.8931995 22.94066,11.8931995 C23.4929447,11.8931995 23.94066,12.3409148 23.94066,12.8931995 L23.94066,15.3368884 L26.2522624,15.3368884 C26.8045471,15.3368884 27.2522624,15.7846037 27.2522624,16.3368884 C27.2522624,16.8891732 26.8045471,17.3368884 26.2522624,17.3368884 L23.94066,17.3368884 L23.94066,19.8787952 C23.94066,20.43108 23.4929447,20.8787952 22.94066,20.8787952 C22.3883752,20.8787952 21.94066,20.43108 21.94066,19.8787952 L21.94066,17.3368884 L19.2666667,17.3368884 C18.7143819,17.3368884 18.2666667,16.8891732 18.2666667,16.3368884 C18.2666667,15.7846037 18.7143819,15.3368884 19.2666667,15.3368884 L21.94066,15.3368884 Z M8,12 C7.44771525,12 7,11.5522847 7,11 C7,10.4477153 7.44771525,10 8,10 L19.1153581,10 C19.6676429,10 20.1153581,10.4477153 20.1153581,11 C20.1153581,11.5522847 19.6676429,12 19.1153581,12 L8,12 Z M8,17.3368884 C7.44771525,17.3368884 7,16.8891732 7,16.3368884 C7,15.7846037 7.44771525,15.3368884 8,15.3368884 L14.7200696,15.3368884 C15.2723543,15.3368884 15.7200696,15.7846037 15.7200696,16.3368884 C15.7200696,16.8891732 15.2723543,17.3368884 14.7200696,17.3368884 L8,17.3368884 Z M8,23 C7.44771525,23 7,22.5522847 7,22 C7,21.4477153 7.44771525,21 8,21 L19.1153581,21 C19.6676429,21 20.1153581,21.4477153 20.1153581,22 C20.1153581,22.5522847 19.6676429,23 19.1153581,23 L8,23 Z" fill="#000000" fill-rule="nonzero"></path></g></g></svg></div><div class="pdl-product-detail_list-tooltip"><p class="no-wrap">Sign in to add to shopping list</p><em></em></div></button></div></div></div><!--v-if--></li><!-- eslint-disable vuejs-accessibility/mouse-events-have-key-events --><li tabindex="-1" data-product-id="190318" class="tile product-cell product-grid-cell mb-0"><!--v-if--><!--v-if--><!--v-if--><div class="product-tile_content"><div class="flag_outer-container"><div class=""><svg xmlns="http://www.w3.org/2000/svg" class="w-20 ml-3" aria-label="Sale" viewBox="0 0 32 32" role="presentation" aria-hidden="true" focusable="false"><title lang="en">Sale</title><desc></desc><g fill="" stroke=""><g><path d="M16.56 19.87a3.81 3.81 0 0 1-1-.13l-13.39-3.5a1.5 1.5 0 0 1-1.12-1.34l-.81-11a1.52 1.52 0 0 1 1.39-1.61l27.69-2h.11a1.51 1.51 0 0 1 1.5 1.4l.82 11a1.52 1.52 0 0 1-.91 1.5l-12.72 5.36a3.79 3.79 0 0 1-1.56.32Z" fill="#ed1256"></path><path fill="#fff" d="M29.43.48a1.26 1.26 0 0 1 1.26 1.17l.82 11a1.27 1.27 0 0 1-.76 1.26L18 19.34a3.72 3.72 0 0 1-1.47.3 3.79 3.79 0 0 1-.94-.12L2.24 16a1.27 1.27 0 0 1-1-1.13l-.81-11a1.26 1.26 0 0 1 1.22-1.33L29.34.48h.09m0-.48h-.13L1.62 2A1.76 1.76 0 0 0 0 3.92l.82 11a1.73 1.73 0 0 0 1.3 1.55L15.5 20a4.3 4.3 0 0 0 1.07.14 4.24 4.24 0 0 0 1.65-.34l12.72-5.44A1.76 1.76 0 0 0 32 12.59l-.82-11A1.76 1.76 0 0 0 29.43 0Z"></path><path fill="#fff" d="M3.74 9.87a3 3 0 0 0 .82.55 2.21 2.21 0 0 0 1.08.19 1.6 1.6 0 0 0 .29 0 1 1 0 0 0 .26-.12.58.58 0 0 0 .18-.2.62.62 0 0 0 0-.31.59.59 0 0 0-.32-.49 3.38 3.38 0 0 0-.85-.34L4.84 9a4.19 4.19 0 0 1-.69-.26 2.44 2.44 0 0 1-.63-.41 1.92 1.92 0 0 1-.7-1.42 2.68 2.68 0 0 1 .1-1A2.2 2.2 0 0 1 3.39 5a2.42 2.42 0 0 1 .82-.6 3.15 3.15 0 0 1 1.17-.28 3.68 3.68 0 0 1 1.72.24 3 3 0 0 1 .57.29A2.66 2.66 0 0 1 8 5l-.82 1.37a4.42 4.42 0 0 0-.82-.45 2 2 0 0 0-.85-.13 1.4 1.4 0 0 0-.28.06A.9.9 0 0 0 5 6a.62.62 0 0 0-.16.2.5.5 0 0 0 0 .28.6.6 0 0 0 .1.31.68.68 0 0 0 .24.2 1.27 1.27 0 0 0 .35.15l.43.13.35.09a7.49 7.49 0 0 1 .69.22 2.2 2.2 0 0 1 .72.42 2.46 2.46 0 0 1 .54.68 2.31 2.31 0 0 1 .27 1 2.15 2.15 0 0 1-.15 1 2.53 2.53 0 0 1-.56.84 2.77 2.77 0 0 1-.88.59 4 4 0 0 1-1.11.27A4.67 4.67 0 0 1 4 12.25a3.79 3.79 0 0 1-1.28-.75ZM11.29 3.89l2.17-.16 3.1 7.7-2 .15L14 10l-2.39.18-.35 1.67-2 .14Zm2.15 4.6-1-2.84-.61 2.95ZM17 3.47l1.89-.14.44 6 3.3-.25.16 1.92-5.19.39ZM23.36 3l5.13-.38.13 1.8-3.24.24.09 1.22 2.66-.2.12 1.7-2.65.2.09 1.35 3.46-.26.13 1.81-5.34.4Z"></path></g></g></svg></div><!--v-if--><!--v-if--><!--v-if--><!--v-if--></div><a href="https://stopandshop.com/product/sabrett-bun-size-skinless-beef-frankfurters-8-ct-14-oz-pkg/190318" aria-hidden="true" tabindex="-1"><div><!--v-if--><img src="data:image/svg+xml;base64,PD94bWwgdmVyc2lvbj0iMS4wIiBlbmNvZGluZz0idXRmLTgiPz4KPCEtLSBHZW5lcmF0ZWQgYnkgSWNvTW9vbi5pbyAtLT4KPCFET0NUWVBFIHN2ZyBQVUJMSUMgIi0vL1czQy8vRFREIFNWRyAxLjEvL0VOIiAiaHR0cDovL3d3dy53My5vcmcvR3JhcGhpY3MvU1ZHLzEuMS9EVEQvc3ZnMTEuZHRkIj4KPHN2ZyB2ZXJzaW9uPSIxLjEiIHhtbG5zPSJodHRwOi8vd3d3LnczLm9yZy8yMDAwL3N2ZyIgeG1sbnM6eGxpbms9Imh0dHA6Ly93d3cudzMub3JnLzE5OTkveGxpbmsiIHdpZHRoPSI0OCIgaGVpZ2h0PSI0OCIgdmlld0JveD0iMCAwIDQ4IDQ4Ij4KPGcgaWQ9Imljb21vb24taWdub3JlIj4KCTxsaW5lIHN0cm9rZS13aWR0aD0iMSIgeDE9IiIgeTE9IiIgeDI9IiIgeTI9IiIgc3Ryb2tlPSIjNDQ5RkRCIiBvcGFjaXR5PSIiPjwvbGluZT4KPC9nPgoJPHBhdGggZD0iTTM4LjQ4IDkuMDcwYzAuMjQ4IDAgMC40NSAwLjIwMiAwLjQ1IDAuNDV2MjguOTU5YzAgMC4yNDgtMC4yMDIgMC40NS0wLjQ1IDAuNDVoLTI4Ljk1OWMtMC4yNDggMC0wLjQ1LTAuMjAyLTAuNDUtMC40NXYtMjguOTU5YzAtMC4yNDggMC4yMDItMC40NSAwLjQ1LTAuNDVoMjguOTU5ek0zOC40OCA4aC0yOC45NTljLTAuODQgMC0xLjUyIDAuNjgxLTEuNTIgMS41MjF2MjguOTU5YzAgMC44NCAwLjY4MSAxLjUyMSAxLjUyIDEuNTIxaDI4Ljk1OWMwLjg0IDAgMS41Mi0wLjY4MSAxLjUyLTEuNTIxdi0yOC45NTljMC0wLjg0LTAuNjgxLTEuNTIxLTEuNTItMS41MjF2MHoiIG9wYWNpdHk9IjEiIHZpc2liaWxpdHk9ImZhbHNlIiBmaWxsPSIjZDdkN2Q3Ij48L3BhdGg+Cgk8cGF0aCBkPSJNMTIuMjI4IDM1LjIyNHYtMy4zMjljMC0wLjE0NSAwLjA1OC0wLjI4NSAwLjE2LTAuMzg4bDUuNTg3LTUuNTg3YzAuMjE0LTAuMjE0IDAuNTYxLTAuMjE0IDAuNzc1IDBsMi4xMTkgMi4xMTljMC4yMTQgMC4yMTQgMC41NjEgMC4yMTQgMC43NzUgMGw4LjE5MS04LjE5MmMwLjIxNC0wLjIxNCAwLjU2MS0wLjIxNCAwLjc3NSAwbDUgNWMwLjEwMyAwLjEwMyAwLjE2IDAuMjQyIDAuMTYgMC4zODh2OS45ODhjMCAwLjMwMy0wLjI0NSAwLjU0OC0wLjU0OCAwLjU0OGgtMjIuNDQ3Yy0wLjMwMyAwLTAuNTQ4LTAuMjQ1LTAuNTQ4LTAuNTQ4eiIgb3BhY2l0eT0iMSIgdmlzaWJpbGl0eT0iZmFsc2UiIGZpbGw9IiNkN2Q3ZDciPjwvcGF0aD4KCTxwYXRoIGQ9Ik0yMS41NDQgMTcuOTY3YzAgMS45ODItMS42MDYgMy41ODgtMy41ODggMy41ODhzLTMuNTg4LTEuNjA2LTMuNTg4LTMuNTg4YzAtMS45ODEgMS42MDYtMy41ODggMy41ODgtMy41ODhzMy41ODggMS42MDYgMy41ODggMy41ODh6IiBvcGFjaXR5PSIxIiB2aXNpYmlsaXR5PSJmYWxzZSIgZmlsbD0iI2Q3ZDdkNyI+PC9wYXRoPgo8L3N2Zz4K" alt="Sabrett Bun Size Skinless Beef Frankfurters - 8 ct 14 OZ PKG" class="product-grid-image object-contain product-grid-cell_main-image" skeleton-box-size="14rem"></div></a><div class="product-grid-cell_price-tag product-grid-cell_price-tag--full-tile"><div class="product-tile_detail"><div class="skeleton-loader_wrapper cursor-pointer"><!-- eslint-disable-next-line vuejs-accessibility/click-events-have-key-events --><div class="product-grid-cell_price-container product-grid-cell_price-container_column"><span class="sr-only">Sabrett Bun Size Skinless Beef Frankfurters - 8 ct</span><span class="product-grid-cell_main-price product-grid-cell_main-price--on-sale"><span class="sr-only"> Sale Price </span> $4.99</span><div class="product-grid-cell_was-container"><span class="product-grid-cell_regular-price mb-1 product-grid-cell_regular-price--small"><span class="sr-only"> Original Price </span> $6.99</span></div></div><!--v-if--></div><!--v-if--></div><button class="product-tile_detail-title"><div class="skeleton-loader_wrapper"><div class="product-grid-cell_name"><a id="product-name-190318-17497327346902068" class="product-grid-cell_name-text product-grid-cell_name-text--small product-grid-cell_name-text--clamp-2" href="https://stopandshop.com/product/sabrett-bun-size-skinless-beef-frankfurters-8-ct-14-oz-pkg/190318" data-opens-modal="true" aria-haspopup="dialog"><!--v-if--> Sabrett Bun Size Skinless Beef Frankfurters - 8 ct</a></div><!--v-if--><!--v-if--></div><div class="skeleton-loader_wrapper"><!-- eslint-disable-next-line vuejs-accessibility/click-events-have-key-events --><div class="product-grid-cell_sizes"><span class="product-grid-cell_size">14 OZ PKG</span><span aria-hidden="true"> | </span><!--v-if--><span class="product-grid-cell_unit">$5.67 /LB</span></div><!--v-if--></div><!--v-if--></button><div class="product-grid-cell_promo-name"><!--v-if--><!--v-if--><!--v-if--><!--v-if--><!--v-if--></div><!--v-if--><!--v-if--><!--v-if--><!--v-if--><div class="margin-top--one"><!--v-if--><div class="pdl-add-to-cart" coupon-clipped="false"><div class="pdl-add-to-cart_button"><button class="button button--add-to-cart add-sale" aria-label="Add to cart" data-product-id="190318" data-price="4.99">Add to cart <!--v-if--></button><!--v-if--><!--v-if--><!-- Swap n Save --><!--v-if--></div><!--v-if--></div><!--v-if--><!--v-if--></div><!--v-if--></div></div><!-- MOBILE VIEW --><!--v-if--><!-- This is for xxsmall devices --><div class="mobile-product-list-cell_bottom m-4 hidden"><div class="mobile-product-list-cell_bottom_cart-ui-wrapper"><!--v-if--><div class="pdl-add-to-cart" coupon-clipped="false"><div class="pdl-add-to-cart_button"><button class="button button--add-to-cart add-sale" aria-label="Add to cart" data-product-id="190318" data-price="4.99">Add to cart <!--v-if--></button><!--v-if--><!--v-if--><!-- Swap n Save --><!--v-if--></div><!--v-if--></div><!--v-if--><!--v-if--></div><!--v-if--></div><div class="product-tile_action-items" is-typeahead="false"><!--v-if--><!--v-if--><div class="shopping-list-menu_container"><div class="relative-el"><button class="button pdl-product-detail_top-icon button--fourth pdl-product-detail_top-icon--borderless" aria-label="add to shopping list" page-view="browse aisles" title="On Sale in Meat"><!--v-if--><div class="vector-icon-size--large"><svg xmlns="http://www.w3.org/2000/svg" class="vector-icon-color--dark-grey" aria-label="Shopping List Icon Add" viewBox="0 0 32 32" role="presentation" aria-hidden="true" focusable="false"><title lang="en">Shopping List Icon Add</title><desc></desc><g fill="" stroke=""><g><path d="M21.94066,15.3368884 L21.94066,12.8931995 C21.94066,12.3409148 22.3883752,11.8931995 22.94066,11.8931995 C23.4929447,11.8931995 23.94066,12.3409148 23.94066,12.8931995 L23.94066,15.3368884 L26.2522624,15.3368884 C26.8045471,15.3368884 27.2522624,15.7846037 27.2522624,16.3368884 C27.2522624,16.8891732 26.8045471,17.3368884 26.2522624,17.3368884 L23.94066,17.3368884 L23.94066,19.8787952 C23.94066,20.43108 23.4929447,20.8787952 22.94066,20.8787952 C22.3883752,20.8787952 21.94066,20.43108 21.94066,19.8787952 L21.94066,17.3368884 L19.2666667,17.3368884 C18.7143819,17.3368884 18.2666667,16.8891732 18.2666667,16.3368884 C18.2666667,15.7846037 18.7143819,15.3368884 19.2666667,15.3368884 L21.94066,15.3368884 Z M8,12 C7.44771525,12 7,11.5522847 7,11 C7,10.4477153 7.44771525,10 8,10 L19.1153581,10 C19.6676429,10 20.1153581,10.4477153 20.1153581,11 C20.1153581,11.5522847 19.6676429,12 19.1153581,12 L8,12 Z M8,17.3368884 C7.44771525,17.3368884 7,16.8891732 7,16.3368884 C7,15.7846037 7.44771525,15.3368884 8,15.3368884 L14.7200696,15.3368884 C15.2723543,15.3368884 15.7200696,15.7846037 15.7200696,16.3368884 C15.7200696,16.8891732 15.2723543,17.3368884 14.7200696,17.3368884 L8,17.3368884 Z M8,23 C7.44771525,23 7,22.5522847 7,22 C7,21.4477153 7.44771525,21 8,21 L19.1153581,21 C19.6676429,21 20.1153581,21.4477153 20.1153581,22 C20.1153581,22.5522847 19.6676429,23 19.1153581,23 L8,23 Z" fill="#000000" fill-rule="nonzero"></path></g></g></svg></div><div class="pdl-product-detail_list-tooltip"><p class="no-wrap">Sign in to add to shopping list</p><em></em></div></button></div></div></div><!--v-if--></li><!--v-if--></ul><!--v-if--><!--v-if--><!--v-if--><!--v-if--></div><div tabindex="-1" class="pdl-carousel_item zone-block_carousel-item" style="height: auto; width: 697px;"><ul class="product-list product-list-triple pt-0 pdl-carousel_content" islastslide="false" itemcountpriorslide="[object Object]" index="3" style="height: auto;"><!-- eslint-disable vuejs-accessibility/mouse-events-have-key-events --><li tabindex="-1" data-product-id="190609" class="tile product-cell product-grid-cell mb-0"><!--v-if--><!--v-if--><!--v-if--><div class="product-tile_content"><div class="flag_outer-container"><div class=""><svg xmlns="http://www.w3.org/2000/svg" class="w-20 ml-3" aria-label="Sale" viewBox="0 0 32 32" role="presentation" aria-hidden="true" focusable="false"><title lang="en">Sale</title><desc></desc><g fill="" stroke=""><g><path d="M16.56 19.87a3.81 3.81 0 0 1-1-.13l-13.39-3.5a1.5 1.5 0 0 1-1.12-1.34l-.81-11a1.52 1.52 0 0 1 1.39-1.61l27.69-2h.11a1.51 1.51 0 0 1 1.5 1.4l.82 11a1.52 1.52 0 0 1-.91 1.5l-12.72 5.36a3.79 3.79 0 0 1-1.56.32Z" fill="#ed1256"></path><path fill="#fff" d="M29.43.48a1.26 1.26 0 0 1 1.26 1.17l.82 11a1.27 1.27 0 0 1-.76 1.26L18 19.34a3.72 3.72 0 0 1-1.47.3 3.79 3.79 0 0 1-.94-.12L2.24 16a1.27 1.27 0 0 1-1-1.13l-.81-11a1.26 1.26 0 0 1 1.22-1.33L29.34.48h.09m0-.48h-.13L1.62 2A1.76 1.76 0 0 0 0 3.92l.82 11a1.73 1.73 0 0 0 1.3 1.55L15.5 20a4.3 4.3 0 0 0 1.07.14 4.24 4.24 0 0 0 1.65-.34l12.72-5.44A1.76 1.76 0 0 0 32 12.59l-.82-11A1.76 1.76 0 0 0 29.43 0Z"></path><path fill="#fff" d="M3.74 9.87a3 3 0 0 0 .82.55 2.21 2.21 0 0 0 1.08.19 1.6 1.6 0 0 0 .29 0 1 1 0 0 0 .26-.12.58.58 0 0 0 .18-.2.62.62 0 0 0 0-.31.59.59 0 0 0-.32-.49 3.38 3.38 0 0 0-.85-.34L4.84 9a4.19 4.19 0 0 1-.69-.26 2.44 2.44 0 0 1-.63-.41 1.92 1.92 0 0 1-.7-1.42 2.68 2.68 0 0 1 .1-1A2.2 2.2 0 0 1 3.39 5a2.42 2.42 0 0 1 .82-.6 3.15 3.15 0 0 1 1.17-.28 3.68 3.68 0 0 1 1.72.24 3 3 0 0 1 .57.29A2.66 2.66 0 0 1 8 5l-.82 1.37a4.42 4.42 0 0 0-.82-.45 2 2 0 0 0-.85-.13 1.4 1.4 0 0 0-.28.06A.9.9 0 0 0 5 6a.62.62 0 0 0-.16.2.5.5 0 0 0 0 .28.6.6 0 0 0 .1.31.68.68 0 0 0 .24.2 1.27 1.27 0 0 0 .35.15l.43.13.35.09a7.49 7.49 0 0 1 .69.22 2.2 2.2 0 0 1 .72.42 2.46 2.46 0 0 1 .54.68 2.31 2.31 0 0 1 .27 1 2.15 2.15 0 0 1-.15 1 2.53 2.53 0 0 1-.56.84 2.77 2.77 0 0 1-.88.59 4 4 0 0 1-1.11.27A4.67 4.67 0 0 1 4 12.25a3.79 3.79 0 0 1-1.28-.75ZM11.29 3.89l2.17-.16 3.1 7.7-2 .15L14 10l-2.39.18-.35 1.67-2 .14Zm2.15 4.6-1-2.84-.61 2.95ZM17 3.47l1.89-.14.44 6 3.3-.25.16 1.92-5.19.39ZM23.36 3l5.13-.38.13 1.8-3.24.24.09 1.22 2.66-.2.12 1.7-2.65.2.09 1.35 3.46-.26.13 1.81-5.34.4Z"></path></g></g></svg></div><!--v-if--><!--v-if--><!--v-if--><!--v-if--></div><a href="https://stopandshop.com/product/perdue-natural-breaded-chicken-breast-strips-fresh-12-oz-pkg/190609" aria-hidden="true" tabindex="-1"><div><!--v-if--><img src="data:image/svg+xml;base64,PD94bWwgdmVyc2lvbj0iMS4wIiBlbmNvZGluZz0idXRmLTgiPz4KPCEtLSBHZW5lcmF0ZWQgYnkgSWNvTW9vbi5pbyAtLT4KPCFET0NUWVBFIHN2ZyBQVUJMSUMgIi0vL1czQy8vRFREIFNWRyAxLjEvL0VOIiAiaHR0cDovL3d3dy53My5vcmcvR3JhcGhpY3MvU1ZHLzEuMS9EVEQvc3ZnMTEuZHRkIj4KPHN2ZyB2ZXJzaW9uPSIxLjEiIHhtbG5zPSJodHRwOi8vd3d3LnczLm9yZy8yMDAwL3N2ZyIgeG1sbnM6eGxpbms9Imh0dHA6Ly93d3cudzMub3JnLzE5OTkveGxpbmsiIHdpZHRoPSI0OCIgaGVpZ2h0PSI0OCIgdmlld0JveD0iMCAwIDQ4IDQ4Ij4KPGcgaWQ9Imljb21vb24taWdub3JlIj4KCTxsaW5lIHN0cm9rZS13aWR0aD0iMSIgeDE9IiIgeTE9IiIgeDI9IiIgeTI9IiIgc3Ryb2tlPSIjNDQ5RkRCIiBvcGFjaXR5PSIiPjwvbGluZT4KPC9nPgoJPHBhdGggZD0iTTM4LjQ4IDkuMDcwYzAuMjQ4IDAgMC40NSAwLjIwMiAwLjQ1IDAuNDV2MjguOTU5YzAgMC4yNDgtMC4yMDIgMC40NS0wLjQ1IDAuNDVoLTI4Ljk1OWMtMC4yNDggMC0wLjQ1LTAuMjAyLTAuNDUtMC40NXYtMjguOTU5YzAtMC4yNDggMC4yMDItMC40NSAwLjQ1LTAuNDVoMjguOTU5ek0zOC40OCA4aC0yOC45NTljLTAuODQgMC0xLjUyIDAuNjgxLTEuNTIgMS41MjF2MjguOTU5YzAgMC44NCAwLjY4MSAxLjUyMSAxLjUyIDEuNTIxaDI4Ljk1OWMwLjg0IDAgMS41Mi0wLjY4MSAxLjUyLTEuNTIxdi0yOC45NTljMC0wLjg0LTAuNjgxLTEuNTIxLTEuNTItMS41MjF2MHoiIG9wYWNpdHk9IjEiIHZpc2liaWxpdHk9ImZhbHNlIiBmaWxsPSIjZDdkN2Q3Ij48L3BhdGg+Cgk8cGF0aCBkPSJNMTIuMjI4IDM1LjIyNHYtMy4zMjljMC0wLjE0NSAwLjA1OC0wLjI4NSAwLjE2LTAuMzg4bDUuNTg3LTUuNTg3YzAuMjE0LTAuMjE0IDAuNTYxLTAuMjE0IDAuNzc1IDBsMi4xMTkgMi4xMTljMC4yMTQgMC4yMTQgMC41NjEgMC4yMTQgMC43NzUgMGw4LjE5MS04LjE5MmMwLjIxNC0wLjIxNCAwLjU2MS0wLjIxNCAwLjc3NSAwbDUgNWMwLjEwMyAwLjEwMyAwLjE2IDAuMjQyIDAuMTYgMC4zODh2OS45ODhjMCAwLjMwMy0wLjI0NSAwLjU0OC0wLjU0OCAwLjU0OGgtMjIuNDQ3Yy0wLjMwMyAwLTAuNTQ4LTAuMjQ1LTAuNTQ4LTAuNTQ4eiIgb3BhY2l0eT0iMSIgdmlzaWJpbGl0eT0iZmFsc2UiIGZpbGw9IiNkN2Q3ZDciPjwvcGF0aD4KCTxwYXRoIGQ9Ik0yMS41NDQgMTcuOTY3YzAgMS45ODItMS42MDYgMy41ODgtMy41ODggMy41ODhzLTMuNTg4LTEuNjA2LTMuNTg4LTMuNTg4YzAtMS45ODEgMS42MDYtMy41ODggMy41ODgtMy41ODhzMy41ODggMS42MDYgMy41ODggMy41ODh6IiBvcGFjaXR5PSIxIiB2aXNpYmlsaXR5PSJmYWxzZSIgZmlsbD0iI2Q3ZDdkNyI+PC9wYXRoPgo8L3N2Zz4K" alt="Perdue Natural Breaded Chicken Breast Strips Fresh 12 OZ PKG" class="product-grid-image object-contain product-grid-cell_main-image" skeleton-box-size="14rem"></div></a><div class="product-grid-cell_price-tag product-grid-cell_price-tag--full-tile"><div class="product-tile_detail"><div class="skeleton-loader_wrapper cursor-pointer"><!-- eslint-disable-next-line vuejs-accessibility/click-events-have-key-events --><div class="product-grid-cell_price-container product-grid-cell_price-container_column"><span class="sr-only">Perdue Natural Breaded Chicken Breast Strips Fresh</span><span class="product-grid-cell_main-price product-grid-cell_main-price--on-sale"><span class="sr-only"> Sale Price </span> $2.50</span><div class="product-grid-cell_was-container"><span class="product-grid-cell_regular-price mb-1 product-grid-cell_regular-price--small"><span class="sr-only"> Original Price </span> $3.99</span></div></div><!--v-if--></div><!--v-if--></div><button class="product-tile_detail-title"><div class="skeleton-loader_wrapper"><div class="product-grid-cell_name"><a id="product-name-190609-17497327346921262" class="product-grid-cell_name-text product-grid-cell_name-text--small product-grid-cell_name-text--clamp-2" href="https://stopandshop.com/product/perdue-natural-breaded-chicken-breast-strips-fresh-12-oz-pkg/190609" data-opens-modal="true" aria-haspopup="dialog"><!--v-if--> Perdue Natural Breaded Chicken Breast Strips Fresh</a></div><!--v-if--><!--v-if--></div><div class="skeleton-loader_wrapper"><!-- eslint-disable-next-line vuejs-accessibility/click-events-have-key-events --><div class="product-grid-cell_sizes"><span class="product-grid-cell_size">12 OZ PKG</span><span aria-hidden="true"> | </span><!--v-if--><span class="product-grid-cell_unit">$3.33 /LB</span></div><!--v-if--></div><!--v-if--></button><div class="product-grid-cell_promo-name"><!--v-if--><!--v-if--><!--v-if--><!--v-if--><!--v-if--></div><!--v-if--><!--v-if--><!--v-if--><!--v-if--><div class="margin-top--one"><!--v-if--><div class="pdl-add-to-cart" coupon-clipped="false"><div class="pdl-add-to-cart_button"><button class="button button--add-to-cart add-sale" aria-label="Add to cart" data-product-id="190609" data-price="2.5">Add to cart <!--v-if--></button><!--v-if--><!--v-if--><!-- Swap n Save --><!--v-if--></div><!--v-if--></div><!--v-if--><!--v-if--></div><!--v-if--></div></div><!-- MOBILE VIEW --><!--v-if--><!-- This is for xxsmall devices --><div class="mobile-product-list-cell_bottom m-4 hidden"><div class="mobile-product-list-cell_bottom_cart-ui-wrapper"><!--v-if--><div class="pdl-add-to-cart" coupon-clipped="false"><div class="pdl-add-to-cart_button"><button class="button button--add-to-cart add-sale" aria-label="Add to cart" data-product-id="190609" data-price="2.5">Add to cart <!--v-if--></button><!--v-if--><!--v-if--><!-- Swap n Save --><!--v-if--></div><!--v-if--></div><!--v-if--><!--v-if--></div><!--v-if--></div><div class="product-tile_action-items" is-typeahead="false"><!--v-if--><!--v-if--><div class="shopping-list-menu_container"><div class="relative-el"><button class="button pdl-product-detail_top-icon button--fourth pdl-product-detail_top-icon--borderless" aria-label="add to shopping list" page-view="browse aisles" title="On Sale in Meat"><!--v-if--><div class="vector-icon-size--large"><svg xmlns="http://www.w3.org/2000/svg" class="vector-icon-color--dark-grey" aria-label="Shopping List Icon Add" viewBox="0 0 32 32" role="presentation" aria-hidden="true" focusable="false"><title lang="en">Shopping List Icon Add</title><desc></desc><g fill="" stroke=""><g><path d="M21.94066,15.3368884 L21.94066,12.8931995 C21.94066,12.3409148 22.3883752,11.8931995 22.94066,11.8931995 C23.4929447,11.8931995 23.94066,12.3409148 23.94066,12.8931995 L23.94066,15.3368884 L26.2522624,15.3368884 C26.8045471,15.3368884 27.2522624,15.7846037 27.2522624,16.3368884 C27.2522624,16.8891732 26.8045471,17.3368884 26.2522624,17.3368884 L23.94066,17.3368884 L23.94066,19.8787952 C23.94066,20.43108 23.4929447,20.8787952 22.94066,20.8787952 C22.3883752,20.8787952 21.94066,20.43108 21.94066,19.8787952 L21.94066,17.3368884 L19.2666667,17.3368884 C18.7143819,17.3368884 18.2666667,16.8891732 18.2666667,16.3368884 C18.2666667,15.7846037 18.7143819,15.3368884 19.2666667,15.3368884 L21.94066,15.3368884 Z M8,12 C7.44771525,12 7,11.5522847 7,11 C7,10.4477153 7.44771525,10 8,10 L19.1153581,10 C19.6676429,10 20.1153581,10.4477153 20.1153581,11 C20.1153581,11.5522847 19.6676429,12 19.1153581,12 L8,12 Z M8,17.3368884 C7.44771525,17.3368884 7,16.8891732 7,16.3368884 C7,15.7846037 7.44771525,15.3368884 8,15.3368884 L14.7200696,15.3368884 C15.2723543,15.3368884 15.7200696,15.7846037 15.7200696,16.3368884 C15.7200696,16.8891732 15.2723543,17.3368884 14.7200696,17.3368884 L8,17.3368884 Z M8,23 C7.44771525,23 7,22.5522847 7,22 C7,21.4477153 7.44771525,21 8,21 L19.1153581,21 C19.6676429,21 20.1153581,21.4477153 20.1153581,22 C20.1153581,22.5522847 19.6676429,23 19.1153581,23 L8,23 Z" fill="#000000" fill-rule="nonzero"></path></g></g></svg></div><div class="pdl-product-detail_list-tooltip"><p class="no-wrap">Sign in to add to shopping list</p><em></em></div></button></div></div></div><!--v-if--></li><!-- eslint-disable vuejs-accessibility/mouse-events-have-key-events --><li tabindex="-1" data-product-id="81171" class="tile product-cell product-grid-cell mb-0"><!--v-if--><!--v-if--><!--v-if--><div class="product-tile_content"><div class="flag_outer-container"><div class=""><svg xmlns="http://www.w3.org/2000/svg" class="w-20 ml-3" aria-label="Sale" viewBox="0 0 32 32" role="presentation" aria-hidden="true" focusable="false"><title lang="en">Sale</title><desc></desc><g fill="" stroke=""><g><path d="M16.56 19.87a3.81 3.81 0 0 1-1-.13l-13.39-3.5a1.5 1.5 0 0 1-1.12-1.34l-.81-11a1.52 1.52 0 0 1 1.39-1.61l27.69-2h.11a1.51 1.51 0 0 1 1.5 1.4l.82 11a1.52 1.52 0 0 1-.91 1.5l-12.72 5.36a3.79 3.79 0 0 1-1.56.32Z" fill="#ed1256"></path><path fill="#fff" d="M29.43.48a1.26 1.26 0 0 1 1.26 1.17l.82 11a1.27 1.27 0 0 1-.76 1.26L18 19.34a3.72 3.72 0 0 1-1.47.3 3.79 3.79 0 0 1-.94-.12L2.24 16a1.27 1.27 0 0 1-1-1.13l-.81-11a1.26 1.26 0 0 1 1.22-1.33L29.34.48h.09m0-.48h-.13L1.62 2A1.76 1.76 0 0 0 0 3.92l.82 11a1.73 1.73 0 0 0 1.3 1.55L15.5 20a4.3 4.3 0 0 0 1.07.14 4.24 4.24 0 0 0 1.65-.34l12.72-5.44A1.76 1.76 0 0 0 32 12.59l-.82-11A1.76 1.76 0 0 0 29.43 0Z"></path><path fill="#fff" d="M3.74 9.87a3 3 0 0 0 .82.55 2.21 2.21 0 0 0 1.08.19 1.6 1.6 0 0 0 .29 0 1 1 0 0 0 .26-.12.58.58 0 0 0 .18-.2.62.62 0 0 0 0-.31.59.59 0 0 0-.32-.49 3.38 3.38 0 0 0-.85-.34L4.84 9a4.19 4.19 0 0 1-.69-.26 2.44 2.44 0 0 1-.63-.41 1.92 1.92 0 0 1-.7-1.42 2.68 2.68 0 0 1 .1-1A2.2 2.2 0 0 1 3.39 5a2.42 2.42 0 0 1 .82-.6 3.15 3.15 0 0 1 1.17-.28 3.68 3.68 0 0 1 1.72.24 3 3 0 0 1 .57.29A2.66 2.66 0 0 1 8 5l-.82 1.37a4.42 4.42 0 0 0-.82-.45 2 2 0 0 0-.85-.13 1.4 1.4 0 0 0-.28.06A.9.9 0 0 0 5 6a.62.62 0 0 0-.16.2.5.5 0 0 0 0 .28.6.6 0 0 0 .1.31.68.68 0 0 0 .24.2 1.27 1.27 0 0 0 .35.15l.43.13.35.09a7.49 7.49 0 0 1 .69.22 2.2 2.2 0 0 1 .72.42 2.46 2.46 0 0 1 .54.68 2.31 2.31 0 0 1 .27 1 2.15 2.15 0 0 1-.15 1 2.53 2.53 0 0 1-.56.84 2.77 2.77 0 0 1-.88.59 4 4 0 0 1-1.11.27A4.67 4.67 0 0 1 4 12.25a3.79 3.79 0 0 1-1.28-.75ZM11.29 3.89l2.17-.16 3.1 7.7-2 .15L14 10l-2.39.18-.35 1.67-2 .14Zm2.15 4.6-1-2.84-.61 2.95ZM17 3.47l1.89-.14.44 6 3.3-.25.16 1.92-5.19.39ZM23.36 3l5.13-.38.13 1.8-3.24.24.09 1.22 2.66-.2.12 1.7-2.65.2.09 1.35 3.46-.26.13 1.81-5.34.4Z"></path></g></g></svg></div><!--v-if--><!--v-if--><!--v-if--><!--v-if--></div><a href="https://stopandshop.com/product/perdue-natural-breaded-chicken-breast-cutlets-4-ct-fresh-12-oz-pkg/81171" aria-hidden="true" tabindex="-1"><div><!--v-if--><img src="data:image/svg+xml;base64,PD94bWwgdmVyc2lvbj0iMS4wIiBlbmNvZGluZz0idXRmLTgiPz4KPCEtLSBHZW5lcmF0ZWQgYnkgSWNvTW9vbi5pbyAtLT4KPCFET0NUWVBFIHN2ZyBQVUJMSUMgIi0vL1czQy8vRFREIFNWRyAxLjEvL0VOIiAiaHR0cDovL3d3dy53My5vcmcvR3JhcGhpY3MvU1ZHLzEuMS9EVEQvc3ZnMTEuZHRkIj4KPHN2ZyB2ZXJzaW9uPSIxLjEiIHhtbG5zPSJodHRwOi8vd3d3LnczLm9yZy8yMDAwL3N2ZyIgeG1sbnM6eGxpbms9Imh0dHA6Ly93d3cudzMub3JnLzE5OTkveGxpbmsiIHdpZHRoPSI0OCIgaGVpZ2h0PSI0OCIgdmlld0JveD0iMCAwIDQ4IDQ4Ij4KPGcgaWQ9Imljb21vb24taWdub3JlIj4KCTxsaW5lIHN0cm9rZS13aWR0aD0iMSIgeDE9IiIgeTE9IiIgeDI9IiIgeTI9IiIgc3Ryb2tlPSIjNDQ5RkRCIiBvcGFjaXR5PSIiPjwvbGluZT4KPC9nPgoJPHBhdGggZD0iTTM4LjQ4IDkuMDcwYzAuMjQ4IDAgMC40NSAwLjIwMiAwLjQ1IDAuNDV2MjguOTU5YzAgMC4yNDgtMC4yMDIgMC40NS0wLjQ1IDAuNDVoLTI4Ljk1OWMtMC4yNDggMC0wLjQ1LTAuMjAyLTAuNDUtMC40NXYtMjguOTU5YzAtMC4yNDggMC4yMDItMC40NSAwLjQ1LTAuNDVoMjguOTU5ek0zOC40OCA4aC0yOC45NTljLTAuODQgMC0xLjUyIDAuNjgxLTEuNTIgMS41MjF2MjguOTU5YzAgMC44NCAwLjY4MSAxLjUyMSAxLjUyIDEuNTIxaDI4Ljk1OWMwLjg0IDAgMS41Mi0wLjY4MSAxLjUyLTEuNTIxdi0yOC45NTljMC0wLjg0LTAuNjgxLTEuNTIxLTEuNTItMS41MjF2MHoiIG9wYWNpdHk9IjEiIHZpc2liaWxpdHk9ImZhbHNlIiBmaWxsPSIjZDdkN2Q3Ij48L3BhdGg+Cgk8cGF0aCBkPSJNMTIuMjI4IDM1LjIyNHYtMy4zMjljMC0wLjE0NSAwLjA1OC0wLjI4NSAwLjE2LTAuMzg4bDUuNTg3LTUuNTg3YzAuMjE0LTAuMjE0IDAuNTYxLTAuMjE0IDAuNzc1IDBsMi4xMTkgMi4xMTljMC4yMTQgMC4yMTQgMC41NjEgMC4yMTQgMC43NzUgMGw4LjE5MS04LjE5MmMwLjIxNC0wLjIxNCAwLjU2MS0wLjIxNCAwLjc3NSAwbDUgNWMwLjEwMyAwLjEwMyAwLjE2IDAuMjQyIDAuMTYgMC4zODh2OS45ODhjMCAwLjMwMy0wLjI0NSAwLjU0OC0wLjU0OCAwLjU0OGgtMjIuNDQ3Yy0wLjMwMyAwLTAuNTQ4LTAuMjQ1LTAuNTQ4LTAuNTQ4eiIgb3BhY2l0eT0iMSIgdmlzaWJpbGl0eT0iZmFsc2UiIGZpbGw9IiNkN2Q3ZDciPjwvcGF0aD4KCTxwYXRoIGQ9Ik0yMS41NDQgMTcuOTY3YzAgMS45ODItMS42MDYgMy41ODgtMy41ODggMy41ODhzLTMuNTg4LTEuNjA2LTMuNTg4LTMuNTg4YzAtMS45ODEgMS42MDYtMy41ODggMy41ODgtMy41ODhzMy41ODggMS42MDYgMy41ODggMy41ODh6IiBvcGFjaXR5PSIxIiB2aXNpYmlsaXR5PSJmYWxzZSIgZmlsbD0iI2Q3ZDdkNyI+PC9wYXRoPgo8L3N2Zz4K" alt="Perdue Natural Breaded Chicken Breast Cutlets - 4 ct Fresh 12 OZ PKG" class="product-grid-image object-contain product-grid-cell_main-image" skeleton-box-size="14rem"></div></a><div class="product-grid-cell_price-tag product-grid-cell_price-tag--full-tile"><div class="product-tile_detail"><div class="skeleton-loader_wrapper cursor-pointer"><!-- eslint-disable-next-line vuejs-accessibility/click-events-have-key-events --><div class="product-grid-cell_price-container product-grid-cell_price-container_column"><span class="sr-only">Perdue Natural Breaded Chicken Breast Cutlets - 4 ct Fresh</span><span class="product-grid-cell_main-price product-grid-cell_main-price--on-sale"><span class="sr-only"> Sale Price </span> $2.50</span><div class="product-grid-cell_was-container"><span class="product-grid-cell_regular-price mb-1 product-grid-cell_regular-price--small"><span class="sr-only"> Original Price </span> $3.99</span></div></div><!--v-if--></div><!--v-if--></div><button class="product-tile_detail-title"><div class="skeleton-loader_wrapper"><div class="product-grid-cell_name"><a id="product-name-81171-17497327346945686" class="product-grid-cell_name-text product-grid-cell_name-text--small product-grid-cell_name-text--clamp-2" href="https://stopandshop.com/product/perdue-natural-breaded-chicken-breast-cutlets-4-ct-fresh-12-oz-pkg/81171" data-opens-modal="true" aria-haspopup="dialog"><!--v-if--> Perdue Natural Breaded Chicken Breast Cutlets - 4 ct Fresh</a></div><!--v-if--><!--v-if--></div><div class="skeleton-loader_wrapper"><!-- eslint-disable-next-line vuejs-accessibility/click-events-have-key-events --><div class="product-grid-cell_sizes"><span class="product-grid-cell_size">12 OZ PKG</span><span aria-hidden="true"> | </span><!--v-if--><span class="product-grid-cell_unit">$3.33 /LB</span></div><!--v-if--></div><!--v-if--></button><div class="product-grid-cell_promo-name"><!--v-if--><!--v-if--><!--v-if--><!--v-if--><!--v-if--></div><!--v-if--><!--v-if--><!--v-if--><!--v-if--><div class="margin-top--one"><!--v-if--><div class="pdl-add-to-cart" coupon-clipped="false"><div class="pdl-add-to-cart_button"><button class="button button--add-to-cart add-sale" aria-label="Add to cart" data-product-id="81171" data-price="2.5">Add to cart <!--v-if--></button><!--v-if--><!--v-if--><!-- Swap n Save --><!--v-if--></div><!--v-if--></div><!--v-if--><!--v-if--></div><!--v-if--></div></div><!-- MOBILE VIEW --><!--v-if--><!-- This is for xxsmall devices --><div class="mobile-product-list-cell_bottom m-4 hidden"><div class="mobile-product-list-cell_bottom_cart-ui-wrapper"><!--v-if--><div class="pdl-add-to-cart" coupon-clipped="false"><div class="pdl-add-to-cart_button"><button class="button button--add-to-cart add-sale" aria-label="Add to cart" data-product-id="81171" data-price="2.5">Add to cart <!--v-if--></button><!--v-if--><!--v-if--><!-- Swap n Save --><!--v-if--></div><!--v-if--></div><!--v-if--><!--v-if--></div><!--v-if--></div><div class="product-tile_action-items" is-typeahead="false"><!--v-if--><!--v-if--><div class="shopping-list-menu_container"><div class="relative-el"><button class="button pdl-product-detail_top-icon button--fourth pdl-product-detail_top-icon--borderless" aria-label="add to shopping list" page-view="browse aisles" title="On Sale in Meat"><!--v-if--><div class="vector-icon-size--large"><svg xmlns="http://www.w3.org/2000/svg" class="vector-icon-color--dark-grey" aria-label="Shopping List Icon Add" viewBox="0 0 32 32" role="presentation" aria-hidden="true" focusable="false"><title lang="en">Shopping List Icon Add</title><desc></desc><g fill="" stroke=""><g><path d="M21.94066,15.3368884 L21.94066,12.8931995 C21.94066,12.3409148 22.3883752,11.8931995 22.94066,11.8931995 C23.4929447,11.8931995 23.94066,12.3409148 23.94066,12.8931995 L23.94066,15.3368884 L26.2522624,15.3368884 C26.8045471,15.3368884 27.2522624,15.7846037 27.2522624,16.3368884 C27.2522624,16.8891732 26.8045471,17.3368884 26.2522624,17.3368884 L23.94066,17.3368884 L23.94066,19.8787952 C23.94066,20.43108 23.4929447,20.8787952 22.94066,20.8787952 C22.3883752,20.8787952 21.94066,20.43108 21.94066,19.8787952 L21.94066,17.3368884 L19.2666667,17.3368884 C18.7143819,17.3368884 18.2666667,16.8891732 18.2666667,16.3368884 C18.2666667,15.7846037 18.7143819,15.3368884 19.2666667,15.3368884 L21.94066,15.3368884 Z M8,12 C7.44771525,12 7,11.5522847 7,11 C7,10.4477153 7.44771525,10 8,10 L19.1153581,10 C19.6676429,10 20.1153581,10.4477153 20.1153581,11 C20.1153581,11.5522847 19.6676429,12 19.1153581,12 L8,12 Z M8,17.3368884 C7.44771525,17.3368884 7,16.8891732 7,16.3368884 C7,15.7846037 7.44771525,15.3368884 8,15.3368884 L14.7200696,15.3368884 C15.2723543,15.3368884 15.7200696,15.7846037 15.7200696,16.3368884 C15.7200696,16.8891732 15.2723543,17.3368884 14.7200696,17.3368884 L8,17.3368884 Z M8,23 C7.44771525,23 7,22.5522847 7,22 C7,21.4477153 7.44771525,21 8,21 L19.1153581,21 C19.6676429,21 20.1153581,21.4477153 20.1153581,22 C20.1153581,22.5522847 19.6676429,23 19.1153581,23 L8,23 Z" fill="#000000" fill-rule="nonzero"></path></g></g></svg></div><div class="pdl-product-detail_list-tooltip"><p class="no-wrap">Sign in to add to shopping list</p><em></em></div></button></div></div></div><!--v-if--></li><!-- eslint-disable vuejs-accessibility/mouse-events-have-key-events --><li tabindex="-1" data-product-id="281188" class="tile product-cell product-grid-cell mb-0"><!--v-if--><!--v-if--><!--v-if--><div class="product-tile_content"><div class="flag_outer-container"><div class=""><svg xmlns="http://www.w3.org/2000/svg" class="w-20 ml-3" aria-label="Sale" viewBox="0 0 32 32" role="presentation" aria-hidden="true" focusable="false"><title lang="en">Sale</title><desc></desc><g fill="" stroke=""><g><path d="M16.56 19.87a3.81 3.81 0 0 1-1-.13l-13.39-3.5a1.5 1.5 0 0 1-1.12-1.34l-.81-11a1.52 1.52 0 0 1 1.39-1.61l27.69-2h.11a1.51 1.51 0 0 1 1.5 1.4l.82 11a1.52 1.52 0 0 1-.91 1.5l-12.72 5.36a3.79 3.79 0 0 1-1.56.32Z" fill="#ed1256"></path><path fill="#fff" d="M29.43.48a1.26 1.26 0 0 1 1.26 1.17l.82 11a1.27 1.27 0 0 1-.76 1.26L18 19.34a3.72 3.72 0 0 1-1.47.3 3.79 3.79 0 0 1-.94-.12L2.24 16a1.27 1.27 0 0 1-1-1.13l-.81-11a1.26 1.26 0 0 1 1.22-1.33L29.34.48h.09m0-.48h-.13L1.62 2A1.76 1.76 0 0 0 0 3.92l.82 11a1.73 1.73 0 0 0 1.3 1.55L15.5 20a4.3 4.3 0 0 0 1.07.14 4.24 4.24 0 0 0 1.65-.34l12.72-5.44A1.76 1.76 0 0 0 32 12.59l-.82-11A1.76 1.76 0 0 0 29.43 0Z"></path><path fill="#fff" d="M3.74 9.87a3 3 0 0 0 .82.55 2.21 2.21 0 0 0 1.08.19 1.6 1.6 0 0 0 .29 0 1 1 0 0 0 .26-.12.58.58 0 0 0 .18-.2.62.62 0 0 0 0-.31.59.59 0 0 0-.32-.49 3.38 3.38 0 0 0-.85-.34L4.84 9a4.19 4.19 0 0 1-.69-.26 2.44 2.44 0 0 1-.63-.41 1.92 1.92 0 0 1-.7-1.42 2.68 2.68 0 0 1 .1-1A2.2 2.2 0 0 1 3.39 5a2.42 2.42 0 0 1 .82-.6 3.15 3.15 0 0 1 1.17-.28 3.68 3.68 0 0 1 1.72.24 3 3 0 0 1 .57.29A2.66 2.66 0 0 1 8 5l-.82 1.37a4.42 4.42 0 0 0-.82-.45 2 2 0 0 0-.85-.13 1.4 1.4 0 0 0-.28.06A.9.9 0 0 0 5 6a.62.62 0 0 0-.16.2.5.5 0 0 0 0 .28.6.6 0 0 0 .1.31.68.68 0 0 0 .24.2 1.27 1.27 0 0 0 .35.15l.43.13.35.09a7.49 7.49 0 0 1 .69.22 2.2 2.2 0 0 1 .72.42 2.46 2.46 0 0 1 .54.68 2.31 2.31 0 0 1 .27 1 2.15 2.15 0 0 1-.15 1 2.53 2.53 0 0 1-.56.84 2.77 2.77 0 0 1-.88.59 4 4 0 0 1-1.11.27A4.67 4.67 0 0 1 4 12.25a3.79 3.79 0 0 1-1.28-.75ZM11.29 3.89l2.17-.16 3.1 7.7-2 .15L14 10l-2.39.18-.35 1.67-2 .14Zm2.15 4.6-1-2.84-.61 2.95ZM17 3.47l1.89-.14.44 6 3.3-.25.16 1.92-5.19.39ZM23.36 3l5.13-.38.13 1.8-3.24.24.09 1.22 2.66-.2.12 1.7-2.65.2.09 1.35 3.46-.26.13 1.81-5.34.4Z"></path></g></g></svg></div><!--v-if--><!--v-if--><!--v-if--><!--v-if--></div><a href="https://stopandshop.com/product/jimmy-dean-premium-applewood-smoked-bacon-sliced-12-oz-pkg/281188" aria-hidden="true" tabindex="-1"><div><!--v-if--><img src="data:image/svg+xml;base64,PD94bWwgdmVyc2lvbj0iMS4wIiBlbmNvZGluZz0idXRmLTgiPz4KPCEtLSBHZW5lcmF0ZWQgYnkgSWNvTW9vbi5pbyAtLT4KPCFET0NUWVBFIHN2ZyBQVUJMSUMgIi0vL1czQy8vRFREIFNWRyAxLjEvL0VOIiAiaHR0cDovL3d3dy53My5vcmcvR3JhcGhpY3MvU1ZHLzEuMS9EVEQvc3ZnMTEuZHRkIj4KPHN2ZyB2ZXJzaW9uPSIxLjEiIHhtbG5zPSJodHRwOi8vd3d3LnczLm9yZy8yMDAwL3N2ZyIgeG1sbnM6eGxpbms9Imh0dHA6Ly93d3cudzMub3JnLzE5OTkveGxpbmsiIHdpZHRoPSI0OCIgaGVpZ2h0PSI0OCIgdmlld0JveD0iMCAwIDQ4IDQ4Ij4KPGcgaWQ9Imljb21vb24taWdub3JlIj4KCTxsaW5lIHN0cm9rZS13aWR0aD0iMSIgeDE9IiIgeTE9IiIgeDI9IiIgeTI9IiIgc3Ryb2tlPSIjNDQ5RkRCIiBvcGFjaXR5PSIiPjwvbGluZT4KPC9nPgoJPHBhdGggZD0iTTM4LjQ4IDkuMDcwYzAuMjQ4IDAgMC40NSAwLjIwMiAwLjQ1IDAuNDV2MjguOTU5YzAgMC4yNDgtMC4yMDIgMC40NS0wLjQ1IDAuNDVoLTI4Ljk1OWMtMC4yNDggMC0wLjQ1LTAuMjAyLTAuNDUtMC40NXYtMjguOTU5YzAtMC4yNDggMC4yMDItMC40NSAwLjQ1LTAuNDVoMjguOTU5ek0zOC40OCA4aC0yOC45NTljLTAuODQgMC0xLjUyIDAuNjgxLTEuNTIgMS41MjF2MjguOTU5YzAgMC44NCAwLjY4MSAxLjUyMSAxLjUyIDEuNTIxaDI4Ljk1OWMwLjg0IDAgMS41Mi0wLjY4MSAxLjUyLTEuNTIxdi0yOC45NTljMC0wLjg0LTAuNjgxLTEuNTIxLTEuNTItMS41MjF2MHoiIG9wYWNpdHk9IjEiIHZpc2liaWxpdHk9ImZhbHNlIiBmaWxsPSIjZDdkN2Q3Ij48L3BhdGg+Cgk8cGF0aCBkPSJNMTIuMjI4IDM1LjIyNHYtMy4zMjljMC0wLjE0NSAwLjA1OC0wLjI4NSAwLjE2LTAuMzg4bDUuNTg3LTUuNTg3YzAuMjE0LTAuMjE0IDAuNTYxLTAuMjE0IDAuNzc1IDBsMi4xMTkgMi4xMTljMC4yMTQgMC4yMTQgMC41NjEgMC4yMTQgMC43NzUgMGw4LjE5MS04LjE5MmMwLjIxNC0wLjIxNCAwLjU2MS0wLjIxNCAwLjc3NSAwbDUgNWMwLjEwMyAwLjEwMyAwLjE2IDAuMjQyIDAuMTYgMC4zODh2OS45ODhjMCAwLjMwMy0wLjI0NSAwLjU0OC0wLjU0OCAwLjU0OGgtMjIuNDQ3Yy0wLjMwMyAwLTAuNTQ4LTAuMjQ1LTAuNTQ4LTAuNTQ4eiIgb3BhY2l0eT0iMSIgdmlzaWJpbGl0eT0iZmFsc2UiIGZpbGw9IiNkN2Q3ZDciPjwvcGF0aD4KCTxwYXRoIGQ9Ik0yMS41NDQgMTcuOTY3YzAgMS45ODItMS42MDYgMy41ODgtMy41ODggMy41ODhzLTMuNTg4LTEuNjA2LTMuNTg4LTMuNTg4YzAtMS45ODEgMS42MDYtMy41ODggMy41ODgtMy41ODhzMy41ODggMS42MDYgMy41ODggMy41ODh6IiBvcGFjaXR5PSIxIiB2aXNpYmlsaXR5PSJmYWxzZSIgZmlsbD0iI2Q3ZDdkNyI+PC9wYXRoPgo8L3N2Zz4K" alt="Jimmy Dean Premium Applewood Smoked Bacon Sliced 12 OZ PKG" class="product-grid-image object-contain product-grid-cell_main-image" skeleton-box-size="14rem"></div></a><div class="product-grid-cell_price-tag product-grid-cell_price-tag--full-tile"><div class="product-tile_detail"><div class="skeleton-loader_wrapper cursor-pointer"><!-- eslint-disable-next-line vuejs-accessibility/click-events-have-key-events --><div class="product-grid-cell_price-container product-grid-cell_price-container_column"><span class="sr-only">Jimmy Dean Premium Applewood Smoked Bacon Sliced</span><span class="product-grid-cell_main-price product-grid-cell_main-price--on-sale"><span class="sr-only"> Sale Price </span> $3.99</span><div class="product-grid-cell_was-container"><span class="product-grid-cell_regular-price mb-1 product-grid-cell_regular-price--small"><span class="sr-only"> Original Price </span> $5.79</span></div></div><!--v-if--></div><!--v-if--></div><button class="product-tile_detail-title"><div class="skeleton-loader_wrapper"><div class="product-grid-cell_name"><a id="product-name-281188-17497327346953781" class="product-grid-cell_name-text product-grid-cell_name-text--small product-grid-cell_name-text--clamp-2" href="https://stopandshop.com/product/jimmy-dean-premium-applewood-smoked-bacon-sliced-12-oz-pkg/281188" data-opens-modal="true" aria-haspopup="dialog"><!--v-if--> Jimmy Dean Premium Applewood Smoked Bacon Sliced</a></div><!--v-if--><!--v-if--></div><div class="skeleton-loader_wrapper"><!-- eslint-disable-next-line vuejs-accessibility/click-events-have-key-events --><div class="product-grid-cell_sizes"><span class="product-grid-cell_size">12 OZ PKG</span><span aria-hidden="true"> | </span><!--v-if--><span class="product-grid-cell_unit">$5.32 /LB</span></div><!--v-if--></div><!--v-if--></button><div class="product-grid-cell_promo-name"><!--v-if--><!--v-if--><!--v-if--><!--v-if--><!--v-if--></div><!--v-if--><!--v-if--><!--v-if--><!--v-if--><div class="margin-top--one"><!--v-if--><div class="pdl-add-to-cart" coupon-clipped="false"><div class="pdl-add-to-cart_button"><button class="button button--add-to-cart add-sale" aria-label="Add to cart" data-product-id="281188" data-price="3.99">Add to cart <!--v-if--></button><!--v-if--><!--v-if--><!-- Swap n Save --><!--v-if--></div><!--v-if--></div><!--v-if--><!--v-if--></div><!--v-if--></div></div><!-- MOBILE VIEW --><!--v-if--><!-- This is for xxsmall devices --><div class="mobile-product-list-cell_bottom m-4 hidden"><div class="mobile-product-list-cell_bottom_cart-ui-wrapper"><!--v-if--><div class="pdl-add-to-cart" coupon-clipped="false"><div class="pdl-add-to-cart_button"><button class="button button--add-to-cart add-sale" aria-label="Add to cart" data-product-id="281188" data-price="3.99">Add to cart <!--v-if--></button><!--v-if--><!--v-if--><!-- Swap n Save --><!--v-if--></div><!--v-if--></div><!--v-if--><!--v-if--></div><!--v-if--></div><div class="product-tile_action-items" is-typeahead="false"><!--v-if--><!--v-if--><div class="shopping-list-menu_container"><div class="relative-el"><button class="button pdl-product-detail_top-icon button--fourth pdl-product-detail_top-icon--borderless" aria-label="add to shopping list" page-view="browse aisles" title="On Sale in Meat"><!--v-if--><div class="vector-icon-size--large"><svg xmlns="http://www.w3.org/2000/svg" class="vector-icon-color--dark-grey" aria-label="Shopping List Icon Add" viewBox="0 0 32 32" role="presentation" aria-hidden="true" focusable="false"><title lang="en">Shopping List Icon Add</title><desc></desc><g fill="" stroke=""><g><path d="M21.94066,15.3368884 L21.94066,12.8931995 C21.94066,12.3409148 22.3883752,11.8931995 22.94066,11.8931995 C23.4929447,11.8931995 23.94066,12.3409148 23.94066,12.8931995 L23.94066,15.3368884 L26.2522624,15.3368884 C26.8045471,15.3368884 27.2522624,15.7846037 27.2522624,16.3368884 C27.2522624,16.8891732 26.8045471,17.3368884 26.2522624,17.3368884 L23.94066,17.3368884 L23.94066,19.8787952 C23.94066,20.43108 23.4929447,20.8787952 22.94066,20.8787952 C22.3883752,20.8787952 21.94066,20.43108 21.94066,19.8787952 L21.94066,17.3368884 L19.2666667,17.3368884 C18.7143819,17.3368884 18.2666667,16.8891732 18.2666667,16.3368884 C18.2666667,15.7846037 18.7143819,15.3368884 19.2666667,15.3368884 L21.94066,15.3368884 Z M8,12 C7.44771525,12 7,11.5522847 7,11 C7,10.4477153 7.44771525,10 8,10 L19.1153581,10 C19.6676429,10 20.1153581,10.4477153 20.1153581,11 C20.1153581,11.5522847 19.6676429,12 19.1153581,12 L8,12 Z M8,17.3368884 C7.44771525,17.3368884 7,16.8891732 7,16.3368884 C7,15.7846037 7.44771525,15.3368884 8,15.3368884 L14.7200696,15.3368884 C15.2723543,15.3368884 15.7200696,15.7846037 15.7200696,16.3368884 C15.7200696,16.8891732 15.2723543,17.3368884 14.7200696,17.3368884 L8,17.3368884 Z M8,23 C7.44771525,23 7,22.5522847 7,22 C7,21.4477153 7.44771525,21 8,21 L19.1153581,21 C19.6676429,21 20.1153581,21.4477153 20.1153581,22 C20.1153581,22.5522847 19.6676429,23 19.1153581,23 L8,23 Z" fill="#000000" fill-rule="nonzero"></path></g></g></svg></div><div class="pdl-product-detail_list-tooltip"><p class="no-wrap">Sign in to add to shopping list</p><em></em></div></button></div></div></div><!--v-if--></li><!--v-if--></ul><!--v-if--><!--v-if--><!--v-if--><!--v-if--></div><div tabindex="-1" class="pdl-carousel_item zone-block_carousel-item" style="height: auto; width: 697px;"><ul class="product-list product-list-triple pt-0 pdl-carousel_content" islastslide="false" itemcountpriorslide="[object Object]" index="4" style="height: auto;"><!-- eslint-disable vuejs-accessibility/mouse-events-have-key-events --><li tabindex="-1" data-product-id="6332" class="tile product-cell product-grid-cell mb-0"><!--v-if--><!--v-if--><!--v-if--><div class="product-tile_content"><div class="flag_outer-container"><div class=""><svg xmlns="http://www.w3.org/2000/svg" class="w-20 ml-3" aria-label="Sale" viewBox="0 0 32 32" role="presentation" aria-hidden="true" focusable="false"><title lang="en">Sale</title><desc></desc><g fill="" stroke=""><g><path d="M16.56 19.87a3.81 3.81 0 0 1-1-.13l-13.39-3.5a1.5 1.5 0 0 1-1.12-1.34l-.81-11a1.52 1.52 0 0 1 1.39-1.61l27.69-2h.11a1.51 1.51 0 0 1 1.5 1.4l.82 11a1.52 1.52 0 0 1-.91 1.5l-12.72 5.36a3.79 3.79 0 0 1-1.56.32Z" fill="#ed1256"></path><path fill="#fff" d="M29.43.48a1.26 1.26 0 0 1 1.26 1.17l.82 11a1.27 1.27 0 0 1-.76 1.26L18 19.34a3.72 3.72 0 0 1-1.47.3 3.79 3.79 0 0 1-.94-.12L2.24 16a1.27 1.27 0 0 1-1-1.13l-.81-11a1.26 1.26 0 0 1 1.22-1.33L29.34.48h.09m0-.48h-.13L1.62 2A1.76 1.76 0 0 0 0 3.92l.82 11a1.73 1.73 0 0 0 1.3 1.55L15.5 20a4.3 4.3 0 0 0 1.07.14 4.24 4.24 0 0 0 1.65-.34l12.72-5.44A1.76 1.76 0 0 0 32 12.59l-.82-11A1.76 1.76 0 0 0 29.43 0Z"></path><path fill="#fff" d="M3.74 9.87a3 3 0 0 0 .82.55 2.21 2.21 0 0 0 1.08.19 1.6 1.6 0 0 0 .29 0 1 1 0 0 0 .26-.12.58.58 0 0 0 .18-.2.62.62 0 0 0 0-.31.59.59 0 0 0-.32-.49 3.38 3.38 0 0 0-.85-.34L4.84 9a4.19 4.19 0 0 1-.69-.26 2.44 2.44 0 0 1-.63-.41 1.92 1.92 0 0 1-.7-1.42 2.68 2.68 0 0 1 .1-1A2.2 2.2 0 0 1 3.39 5a2.42 2.42 0 0 1 .82-.6 3.15 3.15 0 0 1 1.17-.28 3.68 3.68 0 0 1 1.72.24 3 3 0 0 1 .57.29A2.66 2.66 0 0 1 8 5l-.82 1.37a4.42 4.42 0 0 0-.82-.45 2 2 0 0 0-.85-.13 1.4 1.4 0 0 0-.28.06A.9.9 0 0 0 5 6a.62.62 0 0 0-.16.2.5.5 0 0 0 0 .28.6.6 0 0 0 .1.31.68.68 0 0 0 .24.2 1.27 1.27 0 0 0 .35.15l.43.13.35.09a7.49 7.49 0 0 1 .69.22 2.2 2.2 0 0 1 .72.42 2.46 2.46 0 0 1 .54.68 2.31 2.31 0 0 1 .27 1 2.15 2.15 0 0 1-.15 1 2.53 2.53 0 0 1-.56.84 2.77 2.77 0 0 1-.88.59 4 4 0 0 1-1.11.27A4.67 4.67 0 0 1 4 12.25a3.79 3.79 0 0 1-1.28-.75ZM11.29 3.89l2.17-.16 3.1 7.7-2 .15L14 10l-2.39.18-.35 1.67-2 .14Zm2.15 4.6-1-2.84-.61 2.95ZM17 3.47l1.89-.14.44 6 3.3-.25.16 1.92-5.19.39ZM23.36 3l5.13-.38.13 1.8-3.24.24.09 1.22 2.66-.2.12 1.7-2.65.2.09 1.35 3.46-.26.13 1.81-5.34.4Z"></path></g></g></svg></div><!--v-if--><!--v-if--><!--v-if--><!--v-if--></div><a href="https://stopandshop.com/product/oscar-mayer-original-uncured-turkey-chicken-pork-wieners-10-ct-16-oz-pkg/6332" aria-hidden="true" tabindex="-1"><div><!--v-if--><img src="data:image/svg+xml;base64,PD94bWwgdmVyc2lvbj0iMS4wIiBlbmNvZGluZz0idXRmLTgiPz4KPCEtLSBHZW5lcmF0ZWQgYnkgSWNvTW9vbi5pbyAtLT4KPCFET0NUWVBFIHN2ZyBQVUJMSUMgIi0vL1czQy8vRFREIFNWRyAxLjEvL0VOIiAiaHR0cDovL3d3dy53My5vcmcvR3JhcGhpY3MvU1ZHLzEuMS9EVEQvc3ZnMTEuZHRkIj4KPHN2ZyB2ZXJzaW9uPSIxLjEiIHhtbG5zPSJodHRwOi8vd3d3LnczLm9yZy8yMDAwL3N2ZyIgeG1sbnM6eGxpbms9Imh0dHA6Ly93d3cudzMub3JnLzE5OTkveGxpbmsiIHdpZHRoPSI0OCIgaGVpZ2h0PSI0OCIgdmlld0JveD0iMCAwIDQ4IDQ4Ij4KPGcgaWQ9Imljb21vb24taWdub3JlIj4KCTxsaW5lIHN0cm9rZS13aWR0aD0iMSIgeDE9IiIgeTE9IiIgeDI9IiIgeTI9IiIgc3Ryb2tlPSIjNDQ5RkRCIiBvcGFjaXR5PSIiPjwvbGluZT4KPC9nPgoJPHBhdGggZD0iTTM4LjQ4IDkuMDcwYzAuMjQ4IDAgMC40NSAwLjIwMiAwLjQ1IDAuNDV2MjguOTU5YzAgMC4yNDgtMC4yMDIgMC40NS0wLjQ1IDAuNDVoLTI4Ljk1OWMtMC4yNDggMC0wLjQ1LTAuMjAyLTAuNDUtMC40NXYtMjguOTU5YzAtMC4yNDggMC4yMDItMC40NSAwLjQ1LTAuNDVoMjguOTU5ek0zOC40OCA4aC0yOC45NTljLTAuODQgMC0xLjUyIDAuNjgxLTEuNTIgMS41MjF2MjguOTU5YzAgMC44NCAwLjY4MSAxLjUyMSAxLjUyIDEuNTIxaDI4Ljk1OWMwLjg0IDAgMS41Mi0wLjY4MSAxLjUyLTEuNTIxdi0yOC45NTljMC0wLjg0LTAuNjgxLTEuNTIxLTEuNTItMS41MjF2MHoiIG9wYWNpdHk9IjEiIHZpc2liaWxpdHk9ImZhbHNlIiBmaWxsPSIjZDdkN2Q3Ij48L3BhdGg+Cgk8cGF0aCBkPSJNMTIuMjI4IDM1LjIyNHYtMy4zMjljMC0wLjE0NSAwLjA1OC0wLjI4NSAwLjE2LTAuMzg4bDUuNTg3LTUuNTg3YzAuMjE0LTAuMjE0IDAuNTYxLTAuMjE0IDAuNzc1IDBsMi4xMTkgMi4xMTljMC4yMTQgMC4yMTQgMC41NjEgMC4yMTQgMC43NzUgMGw4LjE5MS04LjE5MmMwLjIxNC0wLjIxNCAwLjU2MS0wLjIxNCAwLjc3NSAwbDUgNWMwLjEwMyAwLjEwMyAwLjE2IDAuMjQyIDAuMTYgMC4zODh2OS45ODhjMCAwLjMwMy0wLjI0NSAwLjU0OC0wLjU0OCAwLjU0OGgtMjIuNDQ3Yy0wLjMwMyAwLTAuNTQ4LTAuMjQ1LTAuNTQ4LTAuNTQ4eiIgb3BhY2l0eT0iMSIgdmlzaWJpbGl0eT0iZmFsc2UiIGZpbGw9IiNkN2Q3ZDciPjwvcGF0aD4KCTxwYXRoIGQ9Ik0yMS41NDQgMTcuOTY3YzAgMS45ODItMS42MDYgMy41ODgtMy41ODggMy41ODhzLTMuNTg4LTEuNjA2LTMuNTg4LTMuNTg4YzAtMS45ODEgMS42MDYtMy41ODggMy41ODgtMy41ODhzMy41ODggMS42MDYgMy41ODggMy41ODh6IiBvcGFjaXR5PSIxIiB2aXNpYmlsaXR5PSJmYWxzZSIgZmlsbD0iI2Q3ZDdkNyI+PC9wYXRoPgo8L3N2Zz4K" alt="Oscar Mayer Original Uncured Turkey Chicken &amp; Pork Wieners - 10 ct 16 OZ PKG" class="product-grid-image object-contain product-grid-cell_main-image" skeleton-box-size="14rem"></div></a><div class="product-grid-cell_price-tag product-grid-cell_price-tag--full-tile"><div class="product-tile_detail"><div class="skeleton-loader_wrapper cursor-pointer"><!-- eslint-disable-next-line vuejs-accessibility/click-events-have-key-events --><div class="product-grid-cell_price-container product-grid-cell_price-container_column"><span class="sr-only">Oscar Mayer Original Uncured Turkey Chicken &amp; Pork Wieners - 10 ct</span><span class="product-grid-cell_main-price product-grid-cell_main-price--on-sale"><span class="sr-only"> Sale Price </span> $2.50</span><div class="product-grid-cell_was-container"><span class="product-grid-cell_regular-price mb-1 product-grid-cell_regular-price--small"><span class="sr-only"> Original Price </span> $4.49</span></div></div><!--v-if--></div><!--v-if--></div><button class="product-tile_detail-title"><div class="skeleton-loader_wrapper"><div class="product-grid-cell_name"><a id="product-name-6332-17497327346978879" class="product-grid-cell_name-text product-grid-cell_name-text--small product-grid-cell_name-text--clamp-2" href="https://stopandshop.com/product/oscar-mayer-original-uncured-turkey-chicken-pork-wieners-10-ct-16-oz-pkg/6332" data-opens-modal="true" aria-haspopup="dialog"><!--v-if--> Oscar Mayer Original Uncured Turkey Chicken &amp; Pork Wieners - 10 ct</a></div><!--v-if--><!--v-if--></div><div class="skeleton-loader_wrapper"><!-- eslint-disable-next-line vuejs-accessibility/click-events-have-key-events --><div class="product-grid-cell_sizes"><span class="product-grid-cell_size">16 OZ PKG</span><span aria-hidden="true"> | </span><!--v-if--><span class="product-grid-cell_unit">$2.50 /LB</span></div><!--v-if--></div><!--v-if--></button><div class="product-grid-cell_promo-name"><!--v-if--><!--v-if--><!--v-if--><!--v-if--><!--v-if--></div><!--v-if--><!--v-if--><!--v-if--><!--v-if--><div class="margin-top--one"><!--v-if--><div class="pdl-add-to-cart" coupon-clipped="false"><div class="pdl-add-to-cart_button"><button class="button button--add-to-cart add-sale" aria-label="Add to cart" data-product-id="6332" data-price="2.5">Add to cart <!--v-if--></button><!--v-if--><!--v-if--><!-- Swap n Save --><!--v-if--></div><!--v-if--></div><!--v-if--><!--v-if--></div><!--v-if--></div></div><!-- MOBILE VIEW --><!--v-if--><!-- This is for xxsmall devices --><div class="mobile-product-list-cell_bottom m-4 hidden"><div class="mobile-product-list-cell_bottom_cart-ui-wrapper"><!--v-if--><div class="pdl-add-to-cart" coupon-clipped="false"><div class="pdl-add-to-cart_button"><button class="button button--add-to-cart add-sale" aria-label="Add to cart" data-product-id="6332" data-price="2.5">Add to cart <!--v-if--></button><!--v-if--><!--v-if--><!-- Swap n Save --><!--v-if--></div><!--v-if--></div><!--v-if--><!--v-if--></div><!--v-if--></div><div class="product-tile_action-items" is-typeahead="false"><!--v-if--><!--v-if--><div class="shopping-list-menu_container"><div class="relative-el"><button class="button pdl-product-detail_top-icon button--fourth pdl-product-detail_top-icon--borderless" aria-label="add to shopping list" page-view="browse aisles" title="On Sale in Meat"><!--v-if--><div class="vector-icon-size--large"><svg xmlns="http://www.w3.org/2000/svg" class="vector-icon-color--dark-grey" aria-label="Shopping List Icon Add" viewBox="0 0 32 32" role="presentation" aria-hidden="true" focusable="false"><title lang="en">Shopping List Icon Add</title><desc></desc><g fill="" stroke=""><g><path d="M21.94066,15.3368884 L21.94066,12.8931995 C21.94066,12.3409148 22.3883752,11.8931995 22.94066,11.8931995 C23.4929447,11.8931995 23.94066,12.3409148 23.94066,12.8931995 L23.94066,15.3368884 L26.2522624,15.3368884 C26.8045471,15.3368884 27.2522624,15.7846037 27.2522624,16.3368884 C27.2522624,16.8891732 26.8045471,17.3368884 26.2522624,17.3368884 L23.94066,17.3368884 L23.94066,19.8787952 C23.94066,20.43108 23.4929447,20.8787952 22.94066,20.8787952 C22.3883752,20.8787952 21.94066,20.43108 21.94066,19.8787952 L21.94066,17.3368884 L19.2666667,17.3368884 C18.7143819,17.3368884 18.2666667,16.8891732 18.2666667,16.3368884 C18.2666667,15.7846037 18.7143819,15.3368884 19.2666667,15.3368884 L21.94066,15.3368884 Z M8,12 C7.44771525,12 7,11.5522847 7,11 C7,10.4477153 7.44771525,10 8,10 L19.1153581,10 C19.6676429,10 20.1153581,10.4477153 20.1153581,11 C20.1153581,11.5522847 19.6676429,12 19.1153581,12 L8,12 Z M8,17.3368884 C7.44771525,17.3368884 7,16.8891732 7,16.3368884 C7,15.7846037 7.44771525,15.3368884 8,15.3368884 L14.7200696,15.3368884 C15.2723543,15.3368884 15.7200696,15.7846037 15.7200696,16.3368884 C15.7200696,16.8891732 15.2723543,17.3368884 14.7200696,17.3368884 L8,17.3368884 Z M8,23 C7.44771525,23 7,22.5522847 7,22 C7,21.4477153 7.44771525,21 8,21 L19.1153581,21 C19.6676429,21 20.1153581,21.4477153 20.1153581,22 C20.1153581,22.5522847 19.6676429,23 19.1153581,23 L8,23 Z" fill="#000000" fill-rule="nonzero"></path></g></g></svg></div><div class="pdl-product-detail_list-tooltip"><p class="no-wrap">Sign in to add to shopping list</p><em></em></div></button></div></div></div><!--v-if--></li><!-- eslint-disable vuejs-accessibility/mouse-events-have-key-events --><li tabindex="-1" data-product-id="255239" class="tile product-cell product-grid-cell mb-0"><!--v-if--><!--v-if--><!--v-if--><div class="product-tile_content"><div class="flag_outer-container"><div class=""><svg xmlns="http://www.w3.org/2000/svg" class="w-20 ml-3" aria-label="Sale" viewBox="0 0 32 32" role="presentation" aria-hidden="true" focusable="false"><title lang="en">Sale</title><desc></desc><g fill="" stroke=""><g><path d="M16.56 19.87a3.81 3.81 0 0 1-1-.13l-13.39-3.5a1.5 1.5 0 0 1-1.12-1.34l-.81-11a1.52 1.52 0 0 1 1.39-1.61l27.69-2h.11a1.51 1.51 0 0 1 1.5 1.4l.82 11a1.52 1.52 0 0 1-.91 1.5l-12.72 5.36a3.79 3.79 0 0 1-1.56.32Z" fill="#ed1256"></path><path fill="#fff" d="M29.43.48a1.26 1.26 0 0 1 1.26 1.17l.82 11a1.27 1.27 0 0 1-.76 1.26L18 19.34a3.72 3.72 0 0 1-1.47.3 3.79 3.79 0 0 1-.94-.12L2.24 16a1.27 1.27 0 0 1-1-1.13l-.81-11a1.26 1.26 0 0 1 1.22-1.33L29.34.48h.09m0-.48h-.13L1.62 2A1.76 1.76 0 0 0 0 3.92l.82 11a1.73 1.73 0 0 0 1.3 1.55L15.5 20a4.3 4.3 0 0 0 1.07.14 4.24 4.24 0 0 0 1.65-.34l12.72-5.44A1.76 1.76 0 0 0 32 12.59l-.82-11A1.76 1.76 0 0 0 29.43 0Z"></path><path fill="#fff" d="M3.74 9.87a3 3 0 0 0 .82.55 2.21 2.21 0 0 0 1.08.19 1.6 1.6 0 0 0 .29 0 1 1 0 0 0 .26-.12.58.58 0 0 0 .18-.2.62.62 0 0 0 0-.31.59.59 0 0 0-.32-.49 3.38 3.38 0 0 0-.85-.34L4.84 9a4.19 4.19 0 0 1-.69-.26 2.44 2.44 0 0 1-.63-.41 1.92 1.92 0 0 1-.7-1.42 2.68 2.68 0 0 1 .1-1A2.2 2.2 0 0 1 3.39 5a2.42 2.42 0 0 1 .82-.6 3.15 3.15 0 0 1 1.17-.28 3.68 3.68 0 0 1 1.72.24 3 3 0 0 1 .57.29A2.66 2.66 0 0 1 8 5l-.82 1.37a4.42 4.42 0 0 0-.82-.45 2 2 0 0 0-.85-.13 1.4 1.4 0 0 0-.28.06A.9.9 0 0 0 5 6a.62.62 0 0 0-.16.2.5.5 0 0 0 0 .28.6.6 0 0 0 .1.31.68.68 0 0 0 .24.2 1.27 1.27 0 0 0 .35.15l.43.13.35.09a7.49 7.49 0 0 1 .69.22 2.2 2.2 0 0 1 .72.42 2.46 2.46 0 0 1 .54.68 2.31 2.31 0 0 1 .27 1 2.15 2.15 0 0 1-.15 1 2.53 2.53 0 0 1-.56.84 2.77 2.77 0 0 1-.88.59 4 4 0 0 1-1.11.27A4.67 4.67 0 0 1 4 12.25a3.79 3.79 0 0 1-1.28-.75ZM11.29 3.89l2.17-.16 3.1 7.7-2 .15L14 10l-2.39.18-.35 1.67-2 .14Zm2.15 4.6-1-2.84-.61 2.95ZM17 3.47l1.89-.14.44 6 3.3-.25.16 1.92-5.19.39ZM23.36 3l5.13-.38.13 1.8-3.24.24.09 1.22 2.66-.2.12 1.7-2.65.2.09 1.35 3.46-.26.13 1.81-5.34.4Z"></path></g></g></svg></div><!--v-if--><!--v-if--><!--v-if--><!--v-if--></div><a href="https://stopandshop.com/product/yummy-dino-buddies-dinosaur-breaded-chicken-breast-nuggets-frozen-21-oz-box/255239" aria-hidden="true" tabindex="-1"><div><!--v-if--><img src="data:image/svg+xml;base64,PD94bWwgdmVyc2lvbj0iMS4wIiBlbmNvZGluZz0idXRmLTgiPz4KPCEtLSBHZW5lcmF0ZWQgYnkgSWNvTW9vbi5pbyAtLT4KPCFET0NUWVBFIHN2ZyBQVUJMSUMgIi0vL1czQy8vRFREIFNWRyAxLjEvL0VOIiAiaHR0cDovL3d3dy53My5vcmcvR3JhcGhpY3MvU1ZHLzEuMS9EVEQvc3ZnMTEuZHRkIj4KPHN2ZyB2ZXJzaW9uPSIxLjEiIHhtbG5zPSJodHRwOi8vd3d3LnczLm9yZy8yMDAwL3N2ZyIgeG1sbnM6eGxpbms9Imh0dHA6Ly93d3cudzMub3JnLzE5OTkveGxpbmsiIHdpZHRoPSI0OCIgaGVpZ2h0PSI0OCIgdmlld0JveD0iMCAwIDQ4IDQ4Ij4KPGcgaWQ9Imljb21vb24taWdub3JlIj4KCTxsaW5lIHN0cm9rZS13aWR0aD0iMSIgeDE9IiIgeTE9IiIgeDI9IiIgeTI9IiIgc3Ryb2tlPSIjNDQ5RkRCIiBvcGFjaXR5PSIiPjwvbGluZT4KPC9nPgoJPHBhdGggZD0iTTM4LjQ4IDkuMDcwYzAuMjQ4IDAgMC40NSAwLjIwMiAwLjQ1IDAuNDV2MjguOTU5YzAgMC4yNDgtMC4yMDIgMC40NS0wLjQ1IDAuNDVoLTI4Ljk1OWMtMC4yNDggMC0wLjQ1LTAuMjAyLTAuNDUtMC40NXYtMjguOTU5YzAtMC4yNDggMC4yMDItMC40NSAwLjQ1LTAuNDVoMjguOTU5ek0zOC40OCA4aC0yOC45NTljLTAuODQgMC0xLjUyIDAuNjgxLTEuNTIgMS41MjF2MjguOTU5YzAgMC44NCAwLjY4MSAxLjUyMSAxLjUyIDEuNTIxaDI4Ljk1OWMwLjg0IDAgMS41Mi0wLjY4MSAxLjUyLTEuNTIxdi0yOC45NTljMC0wLjg0LTAuNjgxLTEuNTIxLTEuNTItMS41MjF2MHoiIG9wYWNpdHk9IjEiIHZpc2liaWxpdHk9ImZhbHNlIiBmaWxsPSIjZDdkN2Q3Ij48L3BhdGg+Cgk8cGF0aCBkPSJNMTIuMjI4IDM1LjIyNHYtMy4zMjljMC0wLjE0NSAwLjA1OC0wLjI4NSAwLjE2LTAuMzg4bDUuNTg3LTUuNTg3YzAuMjE0LTAuMjE0IDAuNTYxLTAuMjE0IDAuNzc1IDBsMi4xMTkgMi4xMTljMC4yMTQgMC4yMTQgMC41NjEgMC4yMTQgMC43NzUgMGw4LjE5MS04LjE5MmMwLjIxNC0wLjIxNCAwLjU2MS0wLjIxNCAwLjc3NSAwbDUgNWMwLjEwMyAwLjEwMyAwLjE2IDAuMjQyIDAuMTYgMC4zODh2OS45ODhjMCAwLjMwMy0wLjI0NSAwLjU0OC0wLjU0OCAwLjU0OGgtMjIuNDQ3Yy0wLjMwMyAwLTAuNTQ4LTAuMjQ1LTAuNTQ4LTAuNTQ4eiIgb3BhY2l0eT0iMSIgdmlzaWJpbGl0eT0iZmFsc2UiIGZpbGw9IiNkN2Q3ZDciPjwvcGF0aD4KCTxwYXRoIGQ9Ik0yMS41NDQgMTcuOTY3YzAgMS45ODItMS42MDYgMy41ODgtMy41ODggMy41ODhzLTMuNTg4LTEuNjA2LTMuNTg4LTMuNTg4YzAtMS45ODEgMS42MDYtMy41ODggMy41ODgtMy41ODhzMy41ODggMS42MDYgMy41ODggMy41ODh6IiBvcGFjaXR5PSIxIiB2aXNpYmlsaXR5PSJmYWxzZSIgZmlsbD0iI2Q3ZDdkNyI+PC9wYXRoPgo8L3N2Zz4K" alt="Yummy Dino Buddies Dinosaur Breaded Chicken Breast Nuggets Frozen 21 OZ BOX" class="product-grid-image object-contain product-grid-cell_main-image" skeleton-box-size="14rem"></div></a><div class="product-grid-cell_price-tag product-grid-cell_price-tag--full-tile"><div class="product-tile_detail"><div class="skeleton-loader_wrapper cursor-pointer"><!-- eslint-disable-next-line vuejs-accessibility/click-events-have-key-events --><div class="product-grid-cell_price-container product-grid-cell_price-container_column"><span class="sr-only">Yummy Dino Buddies Dinosaur Breaded Chicken Breast Nuggets Frozen</span><span class="product-grid-cell_main-price product-grid-cell_main-price--on-sale"><span class="sr-only"> Sale Price </span> $6.49</span><div class="product-grid-cell_was-container"><span class="product-grid-cell_regular-price mb-1 product-grid-cell_regular-price--small"><span class="sr-only"> Original Price </span> $7.99</span></div></div><!--v-if--></div><!--v-if--></div><button class="product-tile_detail-title"><div class="skeleton-loader_wrapper"><div class="product-grid-cell_name"><a id="product-name-255239-17497327346983146" class="product-grid-cell_name-text product-grid-cell_name-text--small product-grid-cell_name-text--clamp-2" href="https://stopandshop.com/product/yummy-dino-buddies-dinosaur-breaded-chicken-breast-nuggets-frozen-21-oz-box/255239" data-opens-modal="true" aria-haspopup="dialog"><!--v-if--> Yummy Dino Buddies Dinosaur Breaded Chicken Breast Nuggets Frozen</a></div><!--v-if--><!--v-if--></div><div class="skeleton-loader_wrapper"><!-- eslint-disable-next-line vuejs-accessibility/click-events-have-key-events --><div class="product-grid-cell_sizes"><span class="product-grid-cell_size">21 OZ BOX</span><span aria-hidden="true"> | </span><!--v-if--><span class="product-grid-cell_unit">$4.95 /LB</span></div><!--v-if--></div><!--v-if--></button><div class="product-grid-cell_promo-name"><!--v-if--><!--v-if--><!--v-if--><!--v-if--><!--v-if--></div><!--v-if--><!--v-if--><!--v-if--><!--v-if--><div class="margin-top--one"><!--v-if--><div class="pdl-add-to-cart" coupon-clipped="false"><div class="pdl-add-to-cart_button"><button class="button button--add-to-cart add-sale" aria-label="Add to cart" data-product-id="255239" data-price="6.49">Add to cart <!--v-if--></button><!--v-if--><!--v-if--><!-- Swap n Save --><!--v-if--></div><!--v-if--></div><!--v-if--><!--v-if--></div><!--v-if--></div></div><!-- MOBILE VIEW --><!--v-if--><!-- This is for xxsmall devices --><div class="mobile-product-list-cell_bottom m-4 hidden"><div class="mobile-product-list-cell_bottom_cart-ui-wrapper"><!--v-if--><div class="pdl-add-to-cart" coupon-clipped="false"><div class="pdl-add-to-cart_button"><button class="button button--add-to-cart add-sale" aria-label="Add to cart" data-product-id="255239" data-price="6.49">Add to cart <!--v-if--></button><!--v-if--><!--v-if--><!-- Swap n Save --><!--v-if--></div><!--v-if--></div><!--v-if--><!--v-if--></div><!--v-if--></div><div class="product-tile_action-items" is-typeahead="false"><!--v-if--><!--v-if--><div class="shopping-list-menu_container"><div class="relative-el"><button class="button pdl-product-detail_top-icon button--fourth pdl-product-detail_top-icon--borderless" aria-label="add to shopping list" page-view="browse aisles" title="On Sale in Meat"><!--v-if--><div class="vector-icon-size--large"><svg xmlns="http://www.w3.org/2000/svg" class="vector-icon-color--dark-grey" aria-label="Shopping List Icon Add" viewBox="0 0 32 32" role="presentation" aria-hidden="true" focusable="false"><title lang="en">Shopping List Icon Add</title><desc></desc><g fill="" stroke=""><g><path d="M21.94066,15.3368884 L21.94066,12.8931995 C21.94066,12.3409148 22.3883752,11.8931995 22.94066,11.8931995 C23.4929447,11.8931995 23.94066,12.3409148 23.94066,12.8931995 L23.94066,15.3368884 L26.2522624,15.3368884 C26.8045471,15.3368884 27.2522624,15.7846037 27.2522624,16.3368884 C27.2522624,16.8891732 26.8045471,17.3368884 26.2522624,17.3368884 L23.94066,17.3368884 L23.94066,19.8787952 C23.94066,20.43108 23.4929447,20.8787952 22.94066,20.8787952 C22.3883752,20.8787952 21.94066,20.43108 21.94066,19.8787952 L21.94066,17.3368884 L19.2666667,17.3368884 C18.7143819,17.3368884 18.2666667,16.8891732 18.2666667,16.3368884 C18.2666667,15.7846037 18.7143819,15.3368884 19.2666667,15.3368884 L21.94066,15.3368884 Z M8,12 C7.44771525,12 7,11.5522847 7,11 C7,10.4477153 7.44771525,10 8,10 L19.1153581,10 C19.6676429,10 20.1153581,10.4477153 20.1153581,11 C20.1153581,11.5522847 19.6676429,12 19.1153581,12 L8,12 Z M8,17.3368884 C7.44771525,17.3368884 7,16.8891732 7,16.3368884 C7,15.7846037 7.44771525,15.3368884 8,15.3368884 L14.7200696,15.3368884 C15.2723543,15.3368884 15.7200696,15.7846037 15.7200696,16.3368884 C15.7200696,16.8891732 15.2723543,17.3368884 14.7200696,17.3368884 L8,17.3368884 Z M8,23 C7.44771525,23 7,22.5522847 7,22 C7,21.4477153 7.44771525,21 8,21 L19.1153581,21 C19.6676429,21 20.1153581,21.4477153 20.1153581,22 C20.1153581,22.5522847 19.6676429,23 19.1153581,23 L8,23 Z" fill="#000000" fill-rule="nonzero"></path></g></g></svg></div><div class="pdl-product-detail_list-tooltip"><p class="no-wrap">Sign in to add to shopping list</p><em></em></div></button></div></div></div><!--v-if--></li><!-- eslint-disable vuejs-accessibility/mouse-events-have-key-events --><li tabindex="-1" data-product-id="61399" class="tile product-cell product-grid-cell mb-0"><!--v-if--><!--v-if--><!--v-if--><div class="product-tile_content"><div class="flag_outer-container"><div class=""><svg xmlns="http://www.w3.org/2000/svg" class="w-20 ml-3" aria-label="Sale" viewBox="0 0 32 32" role="presentation" aria-hidden="true" focusable="false"><title lang="en">Sale</title><desc></desc><g fill="" stroke=""><g><path d="M16.56 19.87a3.81 3.81 0 0 1-1-.13l-13.39-3.5a1.5 1.5 0 0 1-1.12-1.34l-.81-11a1.52 1.52 0 0 1 1.39-1.61l27.69-2h.11a1.51 1.51 0 0 1 1.5 1.4l.82 11a1.52 1.52 0 0 1-.91 1.5l-12.72 5.36a3.79 3.79 0 0 1-1.56.32Z" fill="#ed1256"></path><path fill="#fff" d="M29.43.48a1.26 1.26 0 0 1 1.26 1.17l.82 11a1.27 1.27 0 0 1-.76 1.26L18 19.34a3.72 3.72 0 0 1-1.47.3 3.79 3.79 0 0 1-.94-.12L2.24 16a1.27 1.27 0 0 1-1-1.13l-.81-11a1.26 1.26 0 0 1 1.22-1.33L29.34.48h.09m0-.48h-.13L1.62 2A1.76 1.76 0 0 0 0 3.92l.82 11a1.73 1.73 0 0 0 1.3 1.55L15.5 20a4.3 4.3 0 0 0 1.07.14 4.24 4.24 0 0 0 1.65-.34l12.72-5.44A1.76 1.76 0 0 0 32 12.59l-.82-11A1.76 1.76 0 0 0 29.43 0Z"></path><path fill="#fff" d="M3.74 9.87a3 3 0 0 0 .82.55 2.21 2.21 0 0 0 1.08.19 1.6 1.6 0 0 0 .29 0 1 1 0 0 0 .26-.12.58.58 0 0 0 .18-.2.62.62 0 0 0 0-.31.59.59 0 0 0-.32-.49 3.38 3.38 0 0 0-.85-.34L4.84 9a4.19 4.19 0 0 1-.69-.26 2.44 2.44 0 0 1-.63-.41 1.92 1.92 0 0 1-.7-1.42 2.68 2.68 0 0 1 .1-1A2.2 2.2 0 0 1 3.39 5a2.42 2.42 0 0 1 .82-.6 3.15 3.15 0 0 1 1.17-.28 3.68 3.68 0 0 1 1.72.24 3 3 0 0 1 .57.29A2.66 2.66 0 0 1 8 5l-.82 1.37a4.42 4.42 0 0 0-.82-.45 2 2 0 0 0-.85-.13 1.4 1.4 0 0 0-.28.06A.9.9 0 0 0 5 6a.62.62 0 0 0-.16.2.5.5 0 0 0 0 .28.6.6 0 0 0 .1.31.68.68 0 0 0 .24.2 1.27 1.27 0 0 0 .35.15l.43.13.35.09a7.49 7.49 0 0 1 .69.22 2.2 2.2 0 0 1 .72.42 2.46 2.46 0 0 1 .54.68 2.31 2.31 0 0 1 .27 1 2.15 2.15 0 0 1-.15 1 2.53 2.53 0 0 1-.56.84 2.77 2.77 0 0 1-.88.59 4 4 0 0 1-1.11.27A4.67 4.67 0 0 1 4 12.25a3.79 3.79 0 0 1-1.28-.75ZM11.29 3.89l2.17-.16 3.1 7.7-2 .15L14 10l-2.39.18-.35 1.67-2 .14Zm2.15 4.6-1-2.84-.61 2.95ZM17 3.47l1.89-.14.44 6 3.3-.25.16 1.92-5.19.39ZM23.36 3l5.13-.38.13 1.8-3.24.24.09 1.22 2.66-.2.12 1.7-2.65.2.09 1.35 3.46-.26.13 1.81-5.34.4Z"></path></g></g></svg></div><!--v-if--><!--v-if--><!--v-if--><!--v-if--></div><a href="https://stopandshop.com/product/hillshire-farm-turkey-polska-kielbasa-rope-13-oz-pkg/61399" aria-hidden="true" tabindex="-1"><div><!--v-if--><img src="data:image/svg+xml;base64,PD94bWwgdmVyc2lvbj0iMS4wIiBlbmNvZGluZz0idXRmLTgiPz4KPCEtLSBHZW5lcmF0ZWQgYnkgSWNvTW9vbi5pbyAtLT4KPCFET0NUWVBFIHN2ZyBQVUJMSUMgIi0vL1czQy8vRFREIFNWRyAxLjEvL0VOIiAiaHR0cDovL3d3dy53My5vcmcvR3JhcGhpY3MvU1ZHLzEuMS9EVEQvc3ZnMTEuZHRkIj4KPHN2ZyB2ZXJzaW9uPSIxLjEiIHhtbG5zPSJodHRwOi8vd3d3LnczLm9yZy8yMDAwL3N2ZyIgeG1sbnM6eGxpbms9Imh0dHA6Ly93d3cudzMub3JnLzE5OTkveGxpbmsiIHdpZHRoPSI0OCIgaGVpZ2h0PSI0OCIgdmlld0JveD0iMCAwIDQ4IDQ4Ij4KPGcgaWQ9Imljb21vb24taWdub3JlIj4KCTxsaW5lIHN0cm9rZS13aWR0aD0iMSIgeDE9IiIgeTE9IiIgeDI9IiIgeTI9IiIgc3Ryb2tlPSIjNDQ5RkRCIiBvcGFjaXR5PSIiPjwvbGluZT4KPC9nPgoJPHBhdGggZD0iTTM4LjQ4IDkuMDcwYzAuMjQ4IDAgMC40NSAwLjIwMiAwLjQ1IDAuNDV2MjguOTU5YzAgMC4yNDgtMC4yMDIgMC40NS0wLjQ1IDAuNDVoLTI4Ljk1OWMtMC4yNDggMC0wLjQ1LTAuMjAyLTAuNDUtMC40NXYtMjguOTU5YzAtMC4yNDggMC4yMDItMC40NSAwLjQ1LTAuNDVoMjguOTU5ek0zOC40OCA4aC0yOC45NTljLTAuODQgMC0xLjUyIDAuNjgxLTEuNTIgMS41MjF2MjguOTU5YzAgMC44NCAwLjY4MSAxLjUyMSAxLjUyIDEuNTIxaDI4Ljk1OWMwLjg0IDAgMS41Mi0wLjY4MSAxLjUyLTEuNTIxdi0yOC45NTljMC0wLjg0LTAuNjgxLTEuNTIxLTEuNTItMS41MjF2MHoiIG9wYWNpdHk9IjEiIHZpc2liaWxpdHk9ImZhbHNlIiBmaWxsPSIjZDdkN2Q3Ij48L3BhdGg+Cgk8cGF0aCBkPSJNMTIuMjI4IDM1LjIyNHYtMy4zMjljMC0wLjE0NSAwLjA1OC0wLjI4NSAwLjE2LTAuMzg4bDUuNTg3LTUuNTg3YzAuMjE0LTAuMjE0IDAuNTYxLTAuMjE0IDAuNzc1IDBsMi4xMTkgMi4xMTljMC4yMTQgMC4yMTQgMC41NjEgMC4yMTQgMC43NzUgMGw4LjE5MS04LjE5MmMwLjIxNC0wLjIxNCAwLjU2MS0wLjIxNCAwLjc3NSAwbDUgNWMwLjEwMyAwLjEwMyAwLjE2IDAuMjQyIDAuMTYgMC4zODh2OS45ODhjMCAwLjMwMy0wLjI0NSAwLjU0OC0wLjU0OCAwLjU0OGgtMjIuNDQ3Yy0wLjMwMyAwLTAuNTQ4LTAuMjQ1LTAuNTQ4LTAuNTQ4eiIgb3BhY2l0eT0iMSIgdmlzaWJpbGl0eT0iZmFsc2UiIGZpbGw9IiNkN2Q3ZDciPjwvcGF0aD4KCTxwYXRoIGQ9Ik0yMS41NDQgMTcuOTY3YzAgMS45ODItMS42MDYgMy41ODgtMy41ODggMy41ODhzLTMuNTg4LTEuNjA2LTMuNTg4LTMuNTg4YzAtMS45ODEgMS42MDYtMy41ODggMy41ODgtMy41ODhzMy41ODggMS42MDYgMy41ODggMy41ODh6IiBvcGFjaXR5PSIxIiB2aXNpYmlsaXR5PSJmYWxzZSIgZmlsbD0iI2Q3ZDdkNyI+PC9wYXRoPgo8L3N2Zz4K" alt="Hillshire Farm Turkey Polska Kielbasa Rope 13 OZ PKG" class="product-grid-image object-contain product-grid-cell_main-image" skeleton-box-size="14rem"></div></a><div class="product-grid-cell_price-tag product-grid-cell_price-tag--full-tile"><div class="product-tile_detail"><div class="skeleton-loader_wrapper cursor-pointer"><!-- eslint-disable-next-line vuejs-accessibility/click-events-have-key-events --><div class="product-grid-cell_price-container product-grid-cell_price-container_column"><span class="sr-only">Hillshire Farm Turkey Polska Kielbasa Rope</span><span class="product-grid-cell_main-price product-grid-cell_main-price--on-sale"><span class="sr-only"> Sale Price </span> $3.50</span><div class="product-grid-cell_was-container"><span class="product-grid-cell_regular-price mb-1 product-grid-cell_regular-price--small"><span class="sr-only"> Original Price </span> $4.49</span></div></div><!--v-if--></div><!--v-if--></div><button class="product-tile_detail-title"><div class="skeleton-loader_wrapper"><div class="product-grid-cell_name"><a id="product-name-61399-17497327346998853" class="product-grid-cell_name-text product-grid-cell_name-text--small product-grid-cell_name-text--clamp-2" href="https://stopandshop.com/product/hillshire-farm-turkey-polska-kielbasa-rope-13-oz-pkg/61399" data-opens-modal="true" aria-haspopup="dialog"><!--v-if--> Hillshire Farm Turkey Polska Kielbasa Rope</a></div><!--v-if--><!--v-if--></div><div class="skeleton-loader_wrapper"><!-- eslint-disable-next-line vuejs-accessibility/click-events-have-key-events --><div class="product-grid-cell_sizes"><span class="product-grid-cell_size">13 OZ PKG</span><span aria-hidden="true"> | </span><!--v-if--><span class="product-grid-cell_unit">$4.32 /LB</span></div><!--v-if--></div><!--v-if--></button><div class="product-grid-cell_promo-name"><!--v-if--><!--v-if--><!--v-if--><!--v-if--><!--v-if--></div><!--v-if--><!--v-if--><!--v-if--><!--v-if--><div class="margin-top--one"><!--v-if--><div class="pdl-add-to-cart" coupon-clipped="false"><div class="pdl-add-to-cart_button"><button class="button button--add-to-cart add-sale" aria-label="Add to cart" data-product-id="61399" data-price="3.5">Add to cart <!--v-if--></button><!--v-if--><!--v-if--><!-- Swap n Save --><!--v-if--></div><!--v-if--></div><!--v-if--><!--v-if--></div><!--v-if--></div></div><!-- MOBILE VIEW --><!--v-if--><!-- This is for xxsmall devices --><div class="mobile-product-list-cell_bottom m-4 hidden"><div class="mobile-product-list-cell_bottom_cart-ui-wrapper"><!--v-if--><div class="pdl-add-to-cart" coupon-clipped="false"><div class="pdl-add-to-cart_button"><button class="button button--add-to-cart add-sale" aria-label="Add to cart" data-product-id="61399" data-price="3.5">Add to cart <!--v-if--></button><!--v-if--><!--v-if--><!-- Swap n Save --><!--v-if--></div><!--v-if--></div><!--v-if--><!--v-if--></div><!--v-if--></div><div class="product-tile_action-items" is-typeahead="false"><!--v-if--><!--v-if--><div class="shopping-list-menu_container"><div class="relative-el"><button class="button pdl-product-detail_top-icon button--fourth pdl-product-detail_top-icon--borderless" aria-label="add to shopping list" page-view="browse aisles" title="On Sale in Meat"><!--v-if--><div class="vector-icon-size--large"><svg xmlns="http://www.w3.org/2000/svg" class="vector-icon-color--dark-grey" aria-label="Shopping List Icon Add" viewBox="0 0 32 32" role="presentation" aria-hidden="true" focusable="false"><title lang="en">Shopping List Icon Add</title><desc></desc><g fill="" stroke=""><g><path d="M21.94066,15.3368884 L21.94066,12.8931995 C21.94066,12.3409148 22.3883752,11.8931995 22.94066,11.8931995 C23.4929447,11.8931995 23.94066,12.3409148 23.94066,12.8931995 L23.94066,15.3368884 L26.2522624,15.3368884 C26.8045471,15.3368884 27.2522624,15.7846037 27.2522624,16.3368884 C27.2522624,16.8891732 26.8045471,17.3368884 26.2522624,17.3368884 L23.94066,17.3368884 L23.94066,19.8787952 C23.94066,20.43108 23.4929447,20.8787952 22.94066,20.8787952 C22.3883752,20.8787952 21.94066,20.43108 21.94066,19.8787952 L21.94066,17.3368884 L19.2666667,17.3368884 C18.7143819,17.3368884 18.2666667,16.8891732 18.2666667,16.3368884 C18.2666667,15.7846037 18.7143819,15.3368884 19.2666667,15.3368884 L21.94066,15.3368884 Z M8,12 C7.44771525,12 7,11.5522847 7,11 C7,10.4477153 7.44771525,10 8,10 L19.1153581,10 C19.6676429,10 20.1153581,10.4477153 20.1153581,11 C20.1153581,11.5522847 19.6676429,12 19.1153581,12 L8,12 Z M8,17.3368884 C7.44771525,17.3368884 7,16.8891732 7,16.3368884 C7,15.7846037 7.44771525,15.3368884 8,15.3368884 L14.7200696,15.3368884 C15.2723543,15.3368884 15.7200696,15.7846037 15.7200696,16.3368884 C15.7200696,16.8891732 15.2723543,17.3368884 14.7200696,17.3368884 L8,17.3368884 Z M8,23 C7.44771525,23 7,22.5522847 7,22 C7,21.4477153 7.44771525,21 8,21 L19.1153581,21 C19.6676429,21 20.1153581,21.4477153 20.1153581,22 C20.1153581,22.5522847 19.6676429,23 19.1153581,23 L8,23 Z" fill="#000000" fill-rule="nonzero"></path></g></g></svg></div><div class="pdl-product-detail_list-tooltip"><p class="no-wrap">Sign in to add to shopping list</p><em></em></div></button></div></div></div><!--v-if--></li><!--v-if--></ul><!--v-if--><!--v-if--><!--v-if--><!--v-if--></div><div tabindex="-1" class="pdl-carousel_item zone-block_carousel-item" style="height: auto; width: 697px;"><ul class="product-list product-list-triple pt-0 pdl-carousel_content" islastslide="false" itemcountpriorslide="[object Object]" index="5" style="height: auto;"><!-- eslint-disable vuejs-accessibility/mouse-events-have-key-events --><li tabindex="-1" data-product-id="61536" class="tile product-cell product-grid-cell mb-0"><!--v-if--><!--v-if--><!--v-if--><div class="product-tile_content"><div class="flag_outer-container"><div class=""><svg xmlns="http://www.w3.org/2000/svg" class="w-20 ml-3" aria-label="Sale" viewBox="0 0 32 32" role="presentation" aria-hidden="true" focusable="false"><title lang="en">Sale</title><desc></desc><g fill="" stroke=""><g><path d="M16.56 19.87a3.81 3.81 0 0 1-1-.13l-13.39-3.5a1.5 1.5 0 0 1-1.12-1.34l-.81-11a1.52 1.52 0 0 1 1.39-1.61l27.69-2h.11a1.51 1.51 0 0 1 1.5 1.4l.82 11a1.52 1.52 0 0 1-.91 1.5l-12.72 5.36a3.79 3.79 0 0 1-1.56.32Z" fill="#ed1256"></path><path fill="#fff" d="M29.43.48a1.26 1.26 0 0 1 1.26 1.17l.82 11a1.27 1.27 0 0 1-.76 1.26L18 19.34a3.72 3.72 0 0 1-1.47.3 3.79 3.79 0 0 1-.94-.12L2.24 16a1.27 1.27 0 0 1-1-1.13l-.81-11a1.26 1.26 0 0 1 1.22-1.33L29.34.48h.09m0-.48h-.13L1.62 2A1.76 1.76 0 0 0 0 3.92l.82 11a1.73 1.73 0 0 0 1.3 1.55L15.5 20a4.3 4.3 0 0 0 1.07.14 4.24 4.24 0 0 0 1.65-.34l12.72-5.44A1.76 1.76 0 0 0 32 12.59l-.82-11A1.76 1.76 0 0 0 29.43 0Z"></path><path fill="#fff" d="M3.74 9.87a3 3 0 0 0 .82.55 2.21 2.21 0 0 0 1.08.19 1.6 1.6 0 0 0 .29 0 1 1 0 0 0 .26-.12.58.58 0 0 0 .18-.2.62.62 0 0 0 0-.31.59.59 0 0 0-.32-.49 3.38 3.38 0 0 0-.85-.34L4.84 9a4.19 4.19 0 0 1-.69-.26 2.44 2.44 0 0 1-.63-.41 1.92 1.92 0 0 1-.7-1.42 2.68 2.68 0 0 1 .1-1A2.2 2.2 0 0 1 3.39 5a2.42 2.42 0 0 1 .82-.6 3.15 3.15 0 0 1 1.17-.28 3.68 3.68 0 0 1 1.72.24 3 3 0 0 1 .57.29A2.66 2.66 0 0 1 8 5l-.82 1.37a4.42 4.42 0 0 0-.82-.45 2 2 0 0 0-.85-.13 1.4 1.4 0 0 0-.28.06A.9.9 0 0 0 5 6a.62.62 0 0 0-.16.2.5.5 0 0 0 0 .28.6.6 0 0 0 .1.31.68.68 0 0 0 .24.2 1.27 1.27 0 0 0 .35.15l.43.13.35.09a7.49 7.49 0 0 1 .69.22 2.2 2.2 0 0 1 .72.42 2.46 2.46 0 0 1 .54.68 2.31 2.31 0 0 1 .27 1 2.15 2.15 0 0 1-.15 1 2.53 2.53 0 0 1-.56.84 2.77 2.77 0 0 1-.88.59 4 4 0 0 1-1.11.27A4.67 4.67 0 0 1 4 12.25a3.79 3.79 0 0 1-1.28-.75ZM11.29 3.89l2.17-.16 3.1 7.7-2 .15L14 10l-2.39.18-.35 1.67-2 .14Zm2.15 4.6-1-2.84-.61 2.95ZM17 3.47l1.89-.14.44 6 3.3-.25.16 1.92-5.19.39ZM23.36 3l5.13-.38.13 1.8-3.24.24.09 1.22 2.66-.2.12 1.7-2.65.2.09 1.35 3.46-.26.13 1.81-5.34.4Z"></path></g></g></svg></div><!--v-if--><!--v-if--><!--v-if--><!--v-if--></div><a href="https://stopandshop.com/product/hillshire-farm-polska-kielbasa-rope-14-oz-pkg/61536" aria-hidden="true" tabindex="-1"><div><!--v-if--><img src="data:image/svg+xml;base64,PD94bWwgdmVyc2lvbj0iMS4wIiBlbmNvZGluZz0idXRmLTgiPz4KPCEtLSBHZW5lcmF0ZWQgYnkgSWNvTW9vbi5pbyAtLT4KPCFET0NUWVBFIHN2ZyBQVUJMSUMgIi0vL1czQy8vRFREIFNWRyAxLjEvL0VOIiAiaHR0cDovL3d3dy53My5vcmcvR3JhcGhpY3MvU1ZHLzEuMS9EVEQvc3ZnMTEuZHRkIj4KPHN2ZyB2ZXJzaW9uPSIxLjEiIHhtbG5zPSJodHRwOi8vd3d3LnczLm9yZy8yMDAwL3N2ZyIgeG1sbnM6eGxpbms9Imh0dHA6Ly93d3cudzMub3JnLzE5OTkveGxpbmsiIHdpZHRoPSI0OCIgaGVpZ2h0PSI0OCIgdmlld0JveD0iMCAwIDQ4IDQ4Ij4KPGcgaWQ9Imljb21vb24taWdub3JlIj4KCTxsaW5lIHN0cm9rZS13aWR0aD0iMSIgeDE9IiIgeTE9IiIgeDI9IiIgeTI9IiIgc3Ryb2tlPSIjNDQ5RkRCIiBvcGFjaXR5PSIiPjwvbGluZT4KPC9nPgoJPHBhdGggZD0iTTM4LjQ4IDkuMDcwYzAuMjQ4IDAgMC40NSAwLjIwMiAwLjQ1IDAuNDV2MjguOTU5YzAgMC4yNDgtMC4yMDIgMC40NS0wLjQ1IDAuNDVoLTI4Ljk1OWMtMC4yNDggMC0wLjQ1LTAuMjAyLTAuNDUtMC40NXYtMjguOTU5YzAtMC4yNDggMC4yMDItMC40NSAwLjQ1LTAuNDVoMjguOTU5ek0zOC40OCA4aC0yOC45NTljLTAuODQgMC0xLjUyIDAuNjgxLTEuNTIgMS41MjF2MjguOTU5YzAgMC44NCAwLjY4MSAxLjUyMSAxLjUyIDEuNTIxaDI4Ljk1OWMwLjg0IDAgMS41Mi0wLjY4MSAxLjUyLTEuNTIxdi0yOC45NTljMC0wLjg0LTAuNjgxLTEuNTIxLTEuNTItMS41MjF2MHoiIG9wYWNpdHk9IjEiIHZpc2liaWxpdHk9ImZhbHNlIiBmaWxsPSIjZDdkN2Q3Ij48L3BhdGg+Cgk8cGF0aCBkPSJNMTIuMjI4IDM1LjIyNHYtMy4zMjljMC0wLjE0NSAwLjA1OC0wLjI4NSAwLjE2LTAuMzg4bDUuNTg3LTUuNTg3YzAuMjE0LTAuMjE0IDAuNTYxLTAuMjE0IDAuNzc1IDBsMi4xMTkgMi4xMTljMC4yMTQgMC4yMTQgMC41NjEgMC4yMTQgMC43NzUgMGw4LjE5MS04LjE5MmMwLjIxNC0wLjIxNCAwLjU2MS0wLjIxNCAwLjc3NSAwbDUgNWMwLjEwMyAwLjEwMyAwLjE2IDAuMjQyIDAuMTYgMC4zODh2OS45ODhjMCAwLjMwMy0wLjI0NSAwLjU0OC0wLjU0OCAwLjU0OGgtMjIuNDQ3Yy0wLjMwMyAwLTAuNTQ4LTAuMjQ1LTAuNTQ4LTAuNTQ4eiIgb3BhY2l0eT0iMSIgdmlzaWJpbGl0eT0iZmFsc2UiIGZpbGw9IiNkN2Q3ZDciPjwvcGF0aD4KCTxwYXRoIGQ9Ik0yMS41NDQgMTcuOTY3YzAgMS45ODItMS42MDYgMy41ODgtMy41ODggMy41ODhzLTMuNTg4LTEuNjA2LTMuNTg4LTMuNTg4YzAtMS45ODEgMS42MDYtMy41ODggMy41ODgtMy41ODhzMy41ODggMS42MDYgMy41ODggMy41ODh6IiBvcGFjaXR5PSIxIiB2aXNpYmlsaXR5PSJmYWxzZSIgZmlsbD0iI2Q3ZDdkNyI+PC9wYXRoPgo8L3N2Zz4K" alt="Hillshire Farm Polska Kielbasa Rope 14 OZ PKG" class="product-grid-image object-contain product-grid-cell_main-image" skeleton-box-size="14rem"></div></a><div class="product-grid-cell_price-tag product-grid-cell_price-tag--full-tile"><div class="product-tile_detail"><div class="skeleton-loader_wrapper cursor-pointer"><!-- eslint-disable-next-line vuejs-accessibility/click-events-have-key-events --><div class="product-grid-cell_price-container product-grid-cell_price-container_column"><span class="sr-only">Hillshire Farm Polska Kielbasa Rope</span><span class="product-grid-cell_main-price product-grid-cell_main-price--on-sale"><span class="sr-only"> Sale Price </span> $3.50</span><div class="product-grid-cell_was-container"><span class="product-grid-cell_regular-price mb-1 product-grid-cell_regular-price--small"><span class="sr-only"> Original Price </span> $4.49</span></div></div><!--v-if--></div><!--v-if--></div><button class="product-tile_detail-title"><div class="skeleton-loader_wrapper"><div class="product-grid-cell_name"><a id="product-name-61536-17497327347019651" class="product-grid-cell_name-text product-grid-cell_name-text--small product-grid-cell_name-text--clamp-2" href="https://stopandshop.com/product/hillshire-farm-polska-kielbasa-rope-14-oz-pkg/61536" data-opens-modal="true" aria-haspopup="dialog"><!--v-if--> Hillshire Farm Polska Kielbasa Rope</a></div><!--v-if--><!--v-if--></div><div class="skeleton-loader_wrapper"><!-- eslint-disable-next-line vuejs-accessibility/click-events-have-key-events --><div class="product-grid-cell_sizes"><span class="product-grid-cell_size">14 OZ PKG</span><span aria-hidden="true"> | </span><!--v-if--><span class="product-grid-cell_unit">$3.98 /LB</span></div><!--v-if--></div><!--v-if--></button><div class="product-grid-cell_promo-name"><!--v-if--><!--v-if--><!--v-if--><!--v-if--><!--v-if--></div><!--v-if--><!--v-if--><!--v-if--><!--v-if--><div class="margin-top--one"><!--v-if--><div class="pdl-add-to-cart" coupon-clipped="false"><div class="pdl-add-to-cart_button"><button class="button button--add-to-cart add-sale" aria-label="Add to cart" data-product-id="61536" data-price="3.5">Add to cart <!--v-if--></button><!--v-if--><!--v-if--><!-- Swap n Save --><!--v-if--></div><!--v-if--></div><!--v-if--><!--v-if--></div><!--v-if--></div></div><!-- MOBILE VIEW --><!--v-if--><!-- This is for xxsmall devices --><div class="mobile-product-list-cell_bottom m-4 hidden"><div class="mobile-product-list-cell_bottom_cart-ui-wrapper"><!--v-if--><div class="pdl-add-to-cart" coupon-clipped="false"><div class="pdl-add-to-cart_button"><button class="button button--add-to-cart add-sale" aria-label="Add to cart" data-product-id="61536" data-price="3.5">Add to cart <!--v-if--></button><!--v-if--><!--v-if--><!-- Swap n Save --><!--v-if--></div><!--v-if--></div><!--v-if--><!--v-if--></div><!--v-if--></div><div class="product-tile_action-items" is-typeahead="false"><!--v-if--><!--v-if--><div class="shopping-list-menu_container"><div class="relative-el"><button class="button pdl-product-detail_top-icon button--fourth pdl-product-detail_top-icon--borderless" aria-label="add to shopping list" page-view="browse aisles" title="On Sale in Meat"><!--v-if--><div class="vector-icon-size--large"><svg xmlns="http://www.w3.org/2000/svg" class="vector-icon-color--dark-grey" aria-label="Shopping List Icon Add" viewBox="0 0 32 32" role="presentation" aria-hidden="true" focusable="false"><title lang="en">Shopping List Icon Add</title><desc></desc><g fill="" stroke=""><g><path d="M21.94066,15.3368884 L21.94066,12.8931995 C21.94066,12.3409148 22.3883752,11.8931995 22.94066,11.8931995 C23.4929447,11.8931995 23.94066,12.3409148 23.94066,12.8931995 L23.94066,15.3368884 L26.2522624,15.3368884 C26.8045471,15.3368884 27.2522624,15.7846037 27.2522624,16.3368884 C27.2522624,16.8891732 26.8045471,17.3368884 26.2522624,17.3368884 L23.94066,17.3368884 L23.94066,19.8787952 C23.94066,20.43108 23.4929447,20.8787952 22.94066,20.8787952 C22.3883752,20.8787952 21.94066,20.43108 21.94066,19.8787952 L21.94066,17.3368884 L19.2666667,17.3368884 C18.7143819,17.3368884 18.2666667,16.8891732 18.2666667,16.3368884 C18.2666667,15.7846037 18.7143819,15.3368884 19.2666667,15.3368884 L21.94066,15.3368884 Z M8,12 C7.44771525,12 7,11.5522847 7,11 C7,10.4477153 7.44771525,10 8,10 L19.1153581,10 C19.6676429,10 20.1153581,10.4477153 20.1153581,11 C20.1153581,11.5522847 19.6676429,12 19.1153581,12 L8,12 Z M8,17.3368884 C7.44771525,17.3368884 7,16.8891732 7,16.3368884 C7,15.7846037 7.44771525,15.3368884 8,15.3368884 L14.7200696,15.3368884 C15.2723543,15.3368884 15.7200696,15.7846037 15.7200696,16.3368884 C15.7200696,16.8891732 15.2723543,17.3368884 14.7200696,17.3368884 L8,17.3368884 Z M8,23 C7.44771525,23 7,22.5522847 7,22 C7,21.4477153 7.44771525,21 8,21 L19.1153581,21 C19.6676429,21 20.1153581,21.4477153 20.1153581,22 C20.1153581,22.5522847 19.6676429,23 19.1153581,23 L8,23 Z" fill="#000000" fill-rule="nonzero"></path></g></g></svg></div><div class="pdl-product-detail_list-tooltip"><p class="no-wrap">Sign in to add to shopping list</p><em></em></div></button></div></div></div><!--v-if--></li><!-- eslint-disable vuejs-accessibility/mouse-events-have-key-events --><li tabindex="-1" data-product-id="133901" class="tile product-cell product-grid-cell mb-0"><!--v-if--><!--v-if--><!--v-if--><div class="product-tile_content"><div class="flag_outer-container"><div class=""><svg xmlns="http://www.w3.org/2000/svg" class="w-20 ml-3" aria-label="Sale" viewBox="0 0 32 32" role="presentation" aria-hidden="true" focusable="false"><title lang="en">Sale</title><desc></desc><g fill="" stroke=""><g><path d="M16.56 19.87a3.81 3.81 0 0 1-1-.13l-13.39-3.5a1.5 1.5 0 0 1-1.12-1.34l-.81-11a1.52 1.52 0 0 1 1.39-1.61l27.69-2h.11a1.51 1.51 0 0 1 1.5 1.4l.82 11a1.52 1.52 0 0 1-.91 1.5l-12.72 5.36a3.79 3.79 0 0 1-1.56.32Z" fill="#ed1256"></path><path fill="#fff" d="M29.43.48a1.26 1.26 0 0 1 1.26 1.17l.82 11a1.27 1.27 0 0 1-.76 1.26L18 19.34a3.72 3.72 0 0 1-1.47.3 3.79 3.79 0 0 1-.94-.12L2.24 16a1.27 1.27 0 0 1-1-1.13l-.81-11a1.26 1.26 0 0 1 1.22-1.33L29.34.48h.09m0-.48h-.13L1.62 2A1.76 1.76 0 0 0 0 3.92l.82 11a1.73 1.73 0 0 0 1.3 1.55L15.5 20a4.3 4.3 0 0 0 1.07.14 4.24 4.24 0 0 0 1.65-.34l12.72-5.44A1.76 1.76 0 0 0 32 12.59l-.82-11A1.76 1.76 0 0 0 29.43 0Z"></path><path fill="#fff" d="M3.74 9.87a3 3 0 0 0 .82.55 2.21 2.21 0 0 0 1.08.19 1.6 1.6 0 0 0 .29 0 1 1 0 0 0 .26-.12.58.58 0 0 0 .18-.2.62.62 0 0 0 0-.31.59.59 0 0 0-.32-.49 3.38 3.38 0 0 0-.85-.34L4.84 9a4.19 4.19 0 0 1-.69-.26 2.44 2.44 0 0 1-.63-.41 1.92 1.92 0 0 1-.7-1.42 2.68 2.68 0 0 1 .1-1A2.2 2.2 0 0 1 3.39 5a2.42 2.42 0 0 1 .82-.6 3.15 3.15 0 0 1 1.17-.28 3.68 3.68 0 0 1 1.72.24 3 3 0 0 1 .57.29A2.66 2.66 0 0 1 8 5l-.82 1.37a4.42 4.42 0 0 0-.82-.45 2 2 0 0 0-.85-.13 1.4 1.4 0 0 0-.28.06A.9.9 0 0 0 5 6a.62.62 0 0 0-.16.2.5.5 0 0 0 0 .28.6.6 0 0 0 .1.31.68.68 0 0 0 .24.2 1.27 1.27 0 0 0 .35.15l.43.13.35.09a7.49 7.49 0 0 1 .69.22 2.2 2.2 0 0 1 .72.42 2.46 2.46 0 0 1 .54.68 2.31 2.31 0 0 1 .27 1 2.15 2.15 0 0 1-.15 1 2.53 2.53 0 0 1-.56.84 2.77 2.77 0 0 1-.88.59 4 4 0 0 1-1.11.27A4.67 4.67 0 0 1 4 12.25a3.79 3.79 0 0 1-1.28-.75ZM11.29 3.89l2.17-.16 3.1 7.7-2 .15L14 10l-2.39.18-.35 1.67-2 .14Zm2.15 4.6-1-2.84-.61 2.95ZM17 3.47l1.89-.14.44 6 3.3-.25.16 1.92-5.19.39ZM23.36 3l5.13-.38.13 1.8-3.24.24.09 1.22 2.66-.2.12 1.7-2.65.2.09 1.35 3.46-.26.13 1.81-5.34.4Z"></path></g></g></svg></div><!--v-if--><!--v-if--><!--v-if--><!--v-if--></div><a href="https://stopandshop.com/product/smithfield-hickory-smoked-thick-cut-bacon-sliced-16-oz-pkg/133901" aria-hidden="true" tabindex="-1"><div><!--v-if--><img src="data:image/svg+xml;base64,PD94bWwgdmVyc2lvbj0iMS4wIiBlbmNvZGluZz0idXRmLTgiPz4KPCEtLSBHZW5lcmF0ZWQgYnkgSWNvTW9vbi5pbyAtLT4KPCFET0NUWVBFIHN2ZyBQVUJMSUMgIi0vL1czQy8vRFREIFNWRyAxLjEvL0VOIiAiaHR0cDovL3d3dy53My5vcmcvR3JhcGhpY3MvU1ZHLzEuMS9EVEQvc3ZnMTEuZHRkIj4KPHN2ZyB2ZXJzaW9uPSIxLjEiIHhtbG5zPSJodHRwOi8vd3d3LnczLm9yZy8yMDAwL3N2ZyIgeG1sbnM6eGxpbms9Imh0dHA6Ly93d3cudzMub3JnLzE5OTkveGxpbmsiIHdpZHRoPSI0OCIgaGVpZ2h0PSI0OCIgdmlld0JveD0iMCAwIDQ4IDQ4Ij4KPGcgaWQ9Imljb21vb24taWdub3JlIj4KCTxsaW5lIHN0cm9rZS13aWR0aD0iMSIgeDE9IiIgeTE9IiIgeDI9IiIgeTI9IiIgc3Ryb2tlPSIjNDQ5RkRCIiBvcGFjaXR5PSIiPjwvbGluZT4KPC9nPgoJPHBhdGggZD0iTTM4LjQ4IDkuMDcwYzAuMjQ4IDAgMC40NSAwLjIwMiAwLjQ1IDAuNDV2MjguOTU5YzAgMC4yNDgtMC4yMDIgMC40NS0wLjQ1IDAuNDVoLTI4Ljk1OWMtMC4yNDggMC0wLjQ1LTAuMjAyLTAuNDUtMC40NXYtMjguOTU5YzAtMC4yNDggMC4yMDItMC40NSAwLjQ1LTAuNDVoMjguOTU5ek0zOC40OCA4aC0yOC45NTljLTAuODQgMC0xLjUyIDAuNjgxLTEuNTIgMS41MjF2MjguOTU5YzAgMC44NCAwLjY4MSAxLjUyMSAxLjUyIDEuNTIxaDI4Ljk1OWMwLjg0IDAgMS41Mi0wLjY4MSAxLjUyLTEuNTIxdi0yOC45NTljMC0wLjg0LTAuNjgxLTEuNTIxLTEuNTItMS41MjF2MHoiIG9wYWNpdHk9IjEiIHZpc2liaWxpdHk9ImZhbHNlIiBmaWxsPSIjZDdkN2Q3Ij48L3BhdGg+Cgk8cGF0aCBkPSJNMTIuMjI4IDM1LjIyNHYtMy4zMjljMC0wLjE0NSAwLjA1OC0wLjI4NSAwLjE2LTAuMzg4bDUuNTg3LTUuNTg3YzAuMjE0LTAuMjE0IDAuNTYxLTAuMjE0IDAuNzc1IDBsMi4xMTkgMi4xMTljMC4yMTQgMC4yMTQgMC41NjEgMC4yMTQgMC43NzUgMGw4LjE5MS04LjE5MmMwLjIxNC0wLjIxNCAwLjU2MS0wLjIxNCAwLjc3NSAwbDUgNWMwLjEwMyAwLjEwMyAwLjE2IDAuMjQyIDAuMTYgMC4zODh2OS45ODhjMCAwLjMwMy0wLjI0NSAwLjU0OC0wLjU0OCAwLjU0OGgtMjIuNDQ3Yy0wLjMwMyAwLTAuNTQ4LTAuMjQ1LTAuNTQ4LTAuNTQ4eiIgb3BhY2l0eT0iMSIgdmlzaWJpbGl0eT0iZmFsc2UiIGZpbGw9IiNkN2Q3ZDciPjwvcGF0aD4KCTxwYXRoIGQ9Ik0yMS41NDQgMTcuOTY3YzAgMS45ODItMS42MDYgMy41ODgtMy41ODggMy41ODhzLTMuNTg4LTEuNjA2LTMuNTg4LTMuNTg4YzAtMS45ODEgMS42MDYtMy41ODggMy41ODgtMy41ODhzMy41ODggMS42MDYgMy41ODggMy41ODh6IiBvcGFjaXR5PSIxIiB2aXNpYmlsaXR5PSJmYWxzZSIgZmlsbD0iI2Q3ZDdkNyI+PC9wYXRoPgo8L3N2Zz4K" alt="Smithfield Hickory Smoked Thick Cut Bacon Sliced 16 OZ PKG" class="product-grid-image object-contain product-grid-cell_main-image" skeleton-box-size="14rem"></div></a><div class="product-grid-cell_price-tag product-grid-cell_price-tag--full-tile"><div class="product-tile_detail"><div class="skeleton-loader_wrapper cursor-pointer"><!-- eslint-disable-next-line vuejs-accessibility/click-events-have-key-events --><div class="product-grid-cell_price-container product-grid-cell_price-container_column"><span class="sr-only">Smithfield Hickory Smoked Thick Cut Bacon Sliced</span><span class="product-grid-cell_main-price product-grid-cell_main-price--on-sale"><span class="sr-only"> Sale Price </span> $5.99</span><div class="product-grid-cell_was-container"><span class="product-grid-cell_regular-price mb-1 product-grid-cell_regular-price--small"><span class="sr-only"> Original Price </span> $7.79</span></div></div><!--v-if--></div><!--v-if--></div><button class="product-tile_detail-title"><div class="skeleton-loader_wrapper"><div class="product-grid-cell_name"><a id="product-name-133901-17497327347036366" class="product-grid-cell_name-text product-grid-cell_name-text--small product-grid-cell_name-text--clamp-2" href="https://stopandshop.com/product/smithfield-hickory-smoked-thick-cut-bacon-sliced-16-oz-pkg/133901" data-opens-modal="true" aria-haspopup="dialog"><!--v-if--> Smithfield Hickory Smoked Thick Cut Bacon Sliced</a></div><!--v-if--><!--v-if--></div><div class="skeleton-loader_wrapper"><!-- eslint-disable-next-line vuejs-accessibility/click-events-have-key-events --><div class="product-grid-cell_sizes"><span class="product-grid-cell_size">16 OZ PKG</span><span aria-hidden="true"> | </span><!--v-if--><span class="product-grid-cell_unit">$5.99 /LB</span></div><!--v-if--></div><!--v-if--></button><div class="product-grid-cell_promo-name"><!--v-if--><!--v-if--><!--v-if--><!--v-if--><!--v-if--></div><!--v-if--><!--v-if--><!--v-if--><!--v-if--><div class="margin-top--one"><!--v-if--><div class="pdl-add-to-cart" coupon-clipped="false"><div class="pdl-add-to-cart_button"><button class="button button--add-to-cart add-sale" aria-label="Add to cart" data-product-id="133901" data-price="5.99">Add to cart <!--v-if--></button><!--v-if--><!--v-if--><!-- Swap n Save --><!--v-if--></div><!--v-if--></div><!--v-if--><!--v-if--></div><!--v-if--></div></div><!-- MOBILE VIEW --><!--v-if--><!-- This is for xxsmall devices --><div class="mobile-product-list-cell_bottom m-4 hidden"><div class="mobile-product-list-cell_bottom_cart-ui-wrapper"><!--v-if--><div class="pdl-add-to-cart" coupon-clipped="false"><div class="pdl-add-to-cart_button"><button class="button button--add-to-cart add-sale" aria-label="Add to cart" data-product-id="133901" data-price="5.99">Add to cart <!--v-if--></button><!--v-if--><!--v-if--><!-- Swap n Save --><!--v-if--></div><!--v-if--></div><!--v-if--><!--v-if--></div><!--v-if--></div><div class="product-tile_action-items" is-typeahead="false"><!--v-if--><!--v-if--><div class="shopping-list-menu_container"><div class="relative-el"><button class="button pdl-product-detail_top-icon button--fourth pdl-product-detail_top-icon--borderless" aria-label="add to shopping list" page-view="browse aisles" title="On Sale in Meat"><!--v-if--><div class="vector-icon-size--large"><svg xmlns="http://www.w3.org/2000/svg" class="vector-icon-color--dark-grey" aria-label="Shopping List Icon Add" viewBox="0 0 32 32" role="presentation" aria-hidden="true" focusable="false"><title lang="en">Shopping List Icon Add</title><desc></desc><g fill="" stroke=""><g><path d="M21.94066,15.3368884 L21.94066,12.8931995 C21.94066,12.3409148 22.3883752,11.8931995 22.94066,11.8931995 C23.4929447,11.8931995 23.94066,12.3409148 23.94066,12.8931995 L23.94066,15.3368884 L26.2522624,15.3368884 C26.8045471,15.3368884 27.2522624,15.7846037 27.2522624,16.3368884 C27.2522624,16.8891732 26.8045471,17.3368884 26.2522624,17.3368884 L23.94066,17.3368884 L23.94066,19.8787952 C23.94066,20.43108 23.4929447,20.8787952 22.94066,20.8787952 C22.3883752,20.8787952 21.94066,20.43108 21.94066,19.8787952 L21.94066,17.3368884 L19.2666667,17.3368884 C18.7143819,17.3368884 18.2666667,16.8891732 18.2666667,16.3368884 C18.2666667,15.7846037 18.7143819,15.3368884 19.2666667,15.3368884 L21.94066,15.3368884 Z M8,12 C7.44771525,12 7,11.5522847 7,11 C7,10.4477153 7.44771525,10 8,10 L19.1153581,10 C19.6676429,10 20.1153581,10.4477153 20.1153581,11 C20.1153581,11.5522847 19.6676429,12 19.1153581,12 L8,12 Z M8,17.3368884 C7.44771525,17.3368884 7,16.8891732 7,16.3368884 C7,15.7846037 7.44771525,15.3368884 8,15.3368884 L14.7200696,15.3368884 C15.2723543,15.3368884 15.7200696,15.7846037 15.7200696,16.3368884 C15.7200696,16.8891732 15.2723543,17.3368884 14.7200696,17.3368884 L8,17.3368884 Z M8,23 C7.44771525,23 7,22.5522847 7,22 C7,21.4477153 7.44771525,21 8,21 L19.1153581,21 C19.6676429,21 20.1153581,21.4477153 20.1153581,22 C20.1153581,22.5522847 19.6676429,23 19.1153581,23 L8,23 Z" fill="#000000" fill-rule="nonzero"></path></g></g></svg></div><div class="pdl-product-detail_list-tooltip"><p class="no-wrap">Sign in to add to shopping list</p><em></em></div></button></div></div></div><!--v-if--></li><!-- eslint-disable vuejs-accessibility/mouse-events-have-key-events --><li tabindex="-1" data-product-id="255616" class="tile product-cell product-grid-cell mb-0"><!--v-if--><!--v-if--><!--v-if--><div class="product-tile_content"><div class="flag_outer-container"><div class=""><svg xmlns="http://www.w3.org/2000/svg" class="w-20 ml-3" aria-label="Sale" viewBox="0 0 32 32" role="presentation" aria-hidden="true" focusable="false"><title lang="en">Sale</title><desc></desc><g fill="" stroke=""><g><path d="M16.56 19.87a3.81 3.81 0 0 1-1-.13l-13.39-3.5a1.5 1.5 0 0 1-1.12-1.34l-.81-11a1.52 1.52 0 0 1 1.39-1.61l27.69-2h.11a1.51 1.51 0 0 1 1.5 1.4l.82 11a1.52 1.52 0 0 1-.91 1.5l-12.72 5.36a3.79 3.79 0 0 1-1.56.32Z" fill="#ed1256"></path><path fill="#fff" d="M29.43.48a1.26 1.26 0 0 1 1.26 1.17l.82 11a1.27 1.27 0 0 1-.76 1.26L18 19.34a3.72 3.72 0 0 1-1.47.3 3.79 3.79 0 0 1-.94-.12L2.24 16a1.27 1.27 0 0 1-1-1.13l-.81-11a1.26 1.26 0 0 1 1.22-1.33L29.34.48h.09m0-.48h-.13L1.62 2A1.76 1.76 0 0 0 0 3.92l.82 11a1.73 1.73 0 0 0 1.3 1.55L15.5 20a4.3 4.3 0 0 0 1.07.14 4.24 4.24 0 0 0 1.65-.34l12.72-5.44A1.76 1.76 0 0 0 32 12.59l-.82-11A1.76 1.76 0 0 0 29.43 0Z"></path><path fill="#fff" d="M3.74 9.87a3 3 0 0 0 .82.55 2.21 2.21 0 0 0 1.08.19 1.6 1.6 0 0 0 .29 0 1 1 0 0 0 .26-.12.58.58 0 0 0 .18-.2.62.62 0 0 0 0-.31.59.59 0 0 0-.32-.49 3.38 3.38 0 0 0-.85-.34L4.84 9a4.19 4.19 0 0 1-.69-.26 2.44 2.44 0 0 1-.63-.41 1.92 1.92 0 0 1-.7-1.42 2.68 2.68 0 0 1 .1-1A2.2 2.2 0 0 1 3.39 5a2.42 2.42 0 0 1 .82-.6 3.15 3.15 0 0 1 1.17-.28 3.68 3.68 0 0 1 1.72.24 3 3 0 0 1 .57.29A2.66 2.66 0 0 1 8 5l-.82 1.37a4.42 4.42 0 0 0-.82-.45 2 2 0 0 0-.85-.13 1.4 1.4 0 0 0-.28.06A.9.9 0 0 0 5 6a.62.62 0 0 0-.16.2.5.5 0 0 0 0 .28.6.6 0 0 0 .1.31.68.68 0 0 0 .24.2 1.27 1.27 0 0 0 .35.15l.43.13.35.09a7.49 7.49 0 0 1 .69.22 2.2 2.2 0 0 1 .72.42 2.46 2.46 0 0 1 .54.68 2.31 2.31 0 0 1 .27 1 2.15 2.15 0 0 1-.15 1 2.53 2.53 0 0 1-.56.84 2.77 2.77 0 0 1-.88.59 4 4 0 0 1-1.11.27A4.67 4.67 0 0 1 4 12.25a3.79 3.79 0 0 1-1.28-.75ZM11.29 3.89l2.17-.16 3.1 7.7-2 .15L14 10l-2.39.18-.35 1.67-2 .14Zm2.15 4.6-1-2.84-.61 2.95ZM17 3.47l1.89-.14.44 6 3.3-.25.16 1.92-5.19.39ZM23.36 3l5.13-.38.13 1.8-3.24.24.09 1.22 2.66-.2.12 1.7-2.65.2.09 1.35 3.46-.26.13 1.81-5.34.4Z"></path></g></g></svg></div><!--v-if--><!--v-if--><!--v-if--><!--v-if--></div><a href="https://stopandshop.com/product/gilberts-natural-caprese-chicken-sausage-4-ct-10-oz-pkg/255616" aria-hidden="true" tabindex="-1"><div><!--v-if--><img src="data:image/svg+xml;base64,PD94bWwgdmVyc2lvbj0iMS4wIiBlbmNvZGluZz0idXRmLTgiPz4KPCEtLSBHZW5lcmF0ZWQgYnkgSWNvTW9vbi5pbyAtLT4KPCFET0NUWVBFIHN2ZyBQVUJMSUMgIi0vL1czQy8vRFREIFNWRyAxLjEvL0VOIiAiaHR0cDovL3d3dy53My5vcmcvR3JhcGhpY3MvU1ZHLzEuMS9EVEQvc3ZnMTEuZHRkIj4KPHN2ZyB2ZXJzaW9uPSIxLjEiIHhtbG5zPSJodHRwOi8vd3d3LnczLm9yZy8yMDAwL3N2ZyIgeG1sbnM6eGxpbms9Imh0dHA6Ly93d3cudzMub3JnLzE5OTkveGxpbmsiIHdpZHRoPSI0OCIgaGVpZ2h0PSI0OCIgdmlld0JveD0iMCAwIDQ4IDQ4Ij4KPGcgaWQ9Imljb21vb24taWdub3JlIj4KCTxsaW5lIHN0cm9rZS13aWR0aD0iMSIgeDE9IiIgeTE9IiIgeDI9IiIgeTI9IiIgc3Ryb2tlPSIjNDQ5RkRCIiBvcGFjaXR5PSIiPjwvbGluZT4KPC9nPgoJPHBhdGggZD0iTTM4LjQ4IDkuMDcwYzAuMjQ4IDAgMC40NSAwLjIwMiAwLjQ1IDAuNDV2MjguOTU5YzAgMC4yNDgtMC4yMDIgMC40NS0wLjQ1IDAuNDVoLTI4Ljk1OWMtMC4yNDggMC0wLjQ1LTAuMjAyLTAuNDUtMC40NXYtMjguOTU5YzAtMC4yNDggMC4yMDItMC40NSAwLjQ1LTAuNDVoMjguOTU5ek0zOC40OCA4aC0yOC45NTljLTAuODQgMC0xLjUyIDAuNjgxLTEuNTIgMS41MjF2MjguOTU5YzAgMC44NCAwLjY4MSAxLjUyMSAxLjUyIDEuNTIxaDI4Ljk1OWMwLjg0IDAgMS41Mi0wLjY4MSAxLjUyLTEuNTIxdi0yOC45NTljMC0wLjg0LTAuNjgxLTEuNTIxLTEuNTItMS41MjF2MHoiIG9wYWNpdHk9IjEiIHZpc2liaWxpdHk9ImZhbHNlIiBmaWxsPSIjZDdkN2Q3Ij48L3BhdGg+Cgk8cGF0aCBkPSJNMTIuMjI4IDM1LjIyNHYtMy4zMjljMC0wLjE0NSAwLjA1OC0wLjI4NSAwLjE2LTAuMzg4bDUuNTg3LTUuNTg3YzAuMjE0LTAuMjE0IDAuNTYxLTAuMjE0IDAuNzc1IDBsMi4xMTkgMi4xMTljMC4yMTQgMC4yMTQgMC41NjEgMC4yMTQgMC43NzUgMGw4LjE5MS04LjE5MmMwLjIxNC0wLjIxNCAwLjU2MS0wLjIxNCAwLjc3NSAwbDUgNWMwLjEwMyAwLjEwMyAwLjE2IDAuMjQyIDAuMTYgMC4zODh2OS45ODhjMCAwLjMwMy0wLjI0NSAwLjU0OC0wLjU0OCAwLjU0OGgtMjIuNDQ3Yy0wLjMwMyAwLTAuNTQ4LTAuMjQ1LTAuNTQ4LTAuNTQ4eiIgb3BhY2l0eT0iMSIgdmlzaWJpbGl0eT0iZmFsc2UiIGZpbGw9IiNkN2Q3ZDciPjwvcGF0aD4KCTxwYXRoIGQ9Ik0yMS41NDQgMTcuOTY3YzAgMS45ODItMS42MDYgMy41ODgtMy41ODggMy41ODhzLTMuNTg4LTEuNjA2LTMuNTg4LTMuNTg4YzAtMS45ODEgMS42MDYtMy41ODggMy41ODgtMy41ODhzMy41ODggMS42MDYgMy41ODggMy41ODh6IiBvcGFjaXR5PSIxIiB2aXNpYmlsaXR5PSJmYWxzZSIgZmlsbD0iI2Q3ZDdkNyI+PC9wYXRoPgo8L3N2Zz4K" alt="Gilbert&#39;s Natural Caprese Chicken Sausage - 4 ct 10 OZ PKG" class="product-grid-image object-contain product-grid-cell_main-image" skeleton-box-size="14rem"></div></a><div class="product-grid-cell_price-tag product-grid-cell_price-tag--full-tile"><div class="product-tile_detail"><div class="skeleton-loader_wrapper cursor-pointer"><!-- eslint-disable-next-line vuejs-accessibility/click-events-have-key-events --><div class="product-grid-cell_price-container product-grid-cell_price-container_column"><span class="sr-only">Gilbert's Natural Caprese Chicken Sausage - 4 ct</span><span class="product-grid-cell_main-price product-grid-cell_main-price--on-sale"><span class="sr-only"> Sale Price </span> $4.49</span><div class="product-grid-cell_was-container"><span class="product-grid-cell_regular-price mb-1 product-grid-cell_regular-price--small"><span class="sr-only"> Original Price </span> $6.49</span></div></div><!--v-if--></div><!--v-if--></div><button class="product-tile_detail-title"><div class="skeleton-loader_wrapper"><div class="product-grid-cell_name"><a id="product-name-255616-17497327347062211" class="product-grid-cell_name-text product-grid-cell_name-text--small product-grid-cell_name-text--clamp-2" href="https://stopandshop.com/product/gilberts-natural-caprese-chicken-sausage-4-ct-10-oz-pkg/255616" data-opens-modal="true" aria-haspopup="dialog"><!--v-if--> Gilbert's Natural Caprese Chicken Sausage - 4 ct</a></div><!--v-if--><!--v-if--></div><div class="skeleton-loader_wrapper"><!-- eslint-disable-next-line vuejs-accessibility/click-events-have-key-events --><div class="product-grid-cell_sizes"><span class="product-grid-cell_size">10 OZ PKG</span><span aria-hidden="true"> | </span><!--v-if--><span class="product-grid-cell_unit">$7.13 /LB</span></div><!--v-if--></div><!--v-if--></button><div class="product-grid-cell_promo-name"><!--v-if--><!--v-if--><!--v-if--><!--v-if--><!--v-if--></div><!--v-if--><!--v-if--><!--v-if--><!--v-if--><div class="margin-top--one"><!--v-if--><div class="pdl-add-to-cart" coupon-clipped="false"><div class="pdl-add-to-cart_button"><button class="button button--add-to-cart add-sale" aria-label="Add to cart" data-product-id="255616" data-price="4.49">Add to cart <!--v-if--></button><!--v-if--><!--v-if--><!-- Swap n Save --><!--v-if--></div><!--v-if--></div><!--v-if--><!--v-if--></div><!--v-if--></div></div><!-- MOBILE VIEW --><!--v-if--><!-- This is for xxsmall devices --><div class="mobile-product-list-cell_bottom m-4 hidden"><div class="mobile-product-list-cell_bottom_cart-ui-wrapper"><!--v-if--><div class="pdl-add-to-cart" coupon-clipped="false"><div class="pdl-add-to-cart_button"><button class="button button--add-to-cart add-sale" aria-label="Add to cart" data-product-id="255616" data-price="4.49">Add to cart <!--v-if--></button><!--v-if--><!--v-if--><!-- Swap n Save --><!--v-if--></div><!--v-if--></div><!--v-if--><!--v-if--></div><!--v-if--></div><div class="product-tile_action-items" is-typeahead="false"><!--v-if--><!--v-if--><div class="shopping-list-menu_container"><div class="relative-el"><button class="button pdl-product-detail_top-icon button--fourth pdl-product-detail_top-icon--borderless" aria-label="add to shopping list" page-view="browse aisles" title="On Sale in Meat"><!--v-if--><div class="vector-icon-size--large"><svg xmlns="http://www.w3.org/2000/svg" class="vector-icon-color--dark-grey" aria-label="Shopping List Icon Add" viewBox="0 0 32 32" role="presentation" aria-hidden="true" focusable="false"><title lang="en">Shopping List Icon Add</title><desc></desc><g fill="" stroke=""><g><path d="M21.94066,15.3368884 L21.94066,12.8931995 C21.94066,12.3409148 22.3883752,11.8931995 22.94066,11.8931995 C23.4929447,11.8931995 23.94066,12.3409148 23.94066,12.8931995 L23.94066,15.3368884 L26.2522624,15.3368884 C26.8045471,15.3368884 27.2522624,15.7846037 27.2522624,16.3368884 C27.2522624,16.8891732 26.8045471,17.3368884 26.2522624,17.3368884 L23.94066,17.3368884 L23.94066,19.8787952 C23.94066,20.43108 23.4929447,20.8787952 22.94066,20.8787952 C22.3883752,20.8787952 21.94066,20.43108 21.94066,19.8787952 L21.94066,17.3368884 L19.2666667,17.3368884 C18.7143819,17.3368884 18.2666667,16.8891732 18.2666667,16.3368884 C18.2666667,15.7846037 18.7143819,15.3368884 19.2666667,15.3368884 L21.94066,15.3368884 Z M8,12 C7.44771525,12 7,11.5522847 7,11 C7,10.4477153 7.44771525,10 8,10 L19.1153581,10 C19.6676429,10 20.1153581,10.4477153 20.1153581,11 C20.1153581,11.5522847 19.6676429,12 19.1153581,12 L8,12 Z M8,17.3368884 C7.44771525,17.3368884 7,16.8891732 7,16.3368884 C7,15.7846037 7.44771525,15.3368884 8,15.3368884 L14.7200696,15.3368884 C15.2723543,15.3368884 15.7200696,15.7846037 15.7200696,16.3368884 C15.7200696,16.8891732 15.2723543,17.3368884 14.7200696,17.3368884 L8,17.3368884 Z M8,23 C7.44771525,23 7,22.5522847 7,22 C7,21.4477153 7.44771525,21 8,21 L19.1153581,21 C19.6676429,21 20.1153581,21.4477153 20.1153581,22 C20.1153581,22.5522847 19.6676429,23 19.1153581,23 L8,23 Z" fill="#000000" fill-rule="nonzero"></path></g></g></svg></div><div class="pdl-product-detail_list-tooltip"><p class="no-wrap">Sign in to add to shopping list</p><em></em></div></button></div></div></div><!--v-if--></li><!--v-if--></ul><!--v-if--><!--v-if--><!--v-if--><!--v-if--></div><div tabindex="-1" class="pdl-carousel_item zone-block_carousel-item" style="height: auto; width: 697px;"><ul class="product-list product-list-triple pt-0 pdl-carousel_content" islastslide="false" itemcountpriorslide="[object Object]" index="6" style="height: auto;"><!-- eslint-disable vuejs-accessibility/mouse-events-have-key-events --><li tabindex="-1" data-product-id="227689" class="tile product-cell product-grid-cell mb-0"><!--v-if--><!--v-if--><!--v-if--><div class="product-tile_content"><div class="flag_outer-container"><div class=""><svg xmlns="http://www.w3.org/2000/svg" class="w-20 ml-3" aria-label="Sale" viewBox="0 0 32 32" role="presentation" aria-hidden="true" focusable="false"><title lang="en">Sale</title><desc></desc><g fill="" stroke=""><g><path d="M16.56 19.87a3.81 3.81 0 0 1-1-.13l-13.39-3.5a1.5 1.5 0 0 1-1.12-1.34l-.81-11a1.52 1.52 0 0 1 1.39-1.61l27.69-2h.11a1.51 1.51 0 0 1 1.5 1.4l.82 11a1.52 1.52 0 0 1-.91 1.5l-12.72 5.36a3.79 3.79 0 0 1-1.56.32Z" fill="#ed1256"></path><path fill="#fff" d="M29.43.48a1.26 1.26 0 0 1 1.26 1.17l.82 11a1.27 1.27 0 0 1-.76 1.26L18 19.34a3.72 3.72 0 0 1-1.47.3 3.79 3.79 0 0 1-.94-.12L2.24 16a1.27 1.27 0 0 1-1-1.13l-.81-11a1.26 1.26 0 0 1 1.22-1.33L29.34.48h.09m0-.48h-.13L1.62 2A1.76 1.76 0 0 0 0 3.92l.82 11a1.73 1.73 0 0 0 1.3 1.55L15.5 20a4.3 4.3 0 0 0 1.07.14 4.24 4.24 0 0 0 1.65-.34l12.72-5.44A1.76 1.76 0 0 0 32 12.59l-.82-11A1.76 1.76 0 0 0 29.43 0Z"></path><path fill="#fff" d="M3.74 9.87a3 3 0 0 0 .82.55 2.21 2.21 0 0 0 1.08.19 1.6 1.6 0 0 0 .29 0 1 1 0 0 0 .26-.12.58.58 0 0 0 .18-.2.62.62 0 0 0 0-.31.59.59 0 0 0-.32-.49 3.38 3.38 0 0 0-.85-.34L4.84 9a4.19 4.19 0 0 1-.69-.26 2.44 2.44 0 0 1-.63-.41 1.92 1.92 0 0 1-.7-1.42 2.68 2.68 0 0 1 .1-1A2.2 2.2 0 0 1 3.39 5a2.42 2.42 0 0 1 .82-.6 3.15 3.15 0 0 1 1.17-.28 3.68 3.68 0 0 1 1.72.24 3 3 0 0 1 .57.29A2.66 2.66 0 0 1 8 5l-.82 1.37a4.42 4.42 0 0 0-.82-.45 2 2 0 0 0-.85-.13 1.4 1.4 0 0 0-.28.06A.9.9 0 0 0 5 6a.62.62 0 0 0-.16.2.5.5 0 0 0 0 .28.6.6 0 0 0 .1.31.68.68 0 0 0 .24.2 1.27 1.27 0 0 0 .35.15l.43.13.35.09a7.49 7.49 0 0 1 .69.22 2.2 2.2 0 0 1 .72.42 2.46 2.46 0 0 1 .54.68 2.31 2.31 0 0 1 .27 1 2.15 2.15 0 0 1-.15 1 2.53 2.53 0 0 1-.56.84 2.77 2.77 0 0 1-.88.59 4 4 0 0 1-1.11.27A4.67 4.67 0 0 1 4 12.25a3.79 3.79 0 0 1-1.28-.75ZM11.29 3.89l2.17-.16 3.1 7.7-2 .15L14 10l-2.39.18-.35 1.67-2 .14Zm2.15 4.6-1-2.84-.61 2.95ZM17 3.47l1.89-.14.44 6 3.3-.25.16 1.92-5.19.39ZM23.36 3l5.13-.38.13 1.8-3.24.24.09 1.22 2.66-.2.12 1.7-2.65.2.09 1.35 3.46-.26.13 1.81-5.34.4Z"></path></g></g></svg></div><!--v-if--><!--v-if--><!--v-if--><!--v-if--></div><a href="https://stopandshop.com/product/cooked-perfect-bite-size-italian-style-meatballs-apx-52-ct-frozen-26-oz-pkg/227689" aria-hidden="true" tabindex="-1"><div><!--v-if--><img src="data:image/svg+xml;base64,PD94bWwgdmVyc2lvbj0iMS4wIiBlbmNvZGluZz0idXRmLTgiPz4KPCEtLSBHZW5lcmF0ZWQgYnkgSWNvTW9vbi5pbyAtLT4KPCFET0NUWVBFIHN2ZyBQVUJMSUMgIi0vL1czQy8vRFREIFNWRyAxLjEvL0VOIiAiaHR0cDovL3d3dy53My5vcmcvR3JhcGhpY3MvU1ZHLzEuMS9EVEQvc3ZnMTEuZHRkIj4KPHN2ZyB2ZXJzaW9uPSIxLjEiIHhtbG5zPSJodHRwOi8vd3d3LnczLm9yZy8yMDAwL3N2ZyIgeG1sbnM6eGxpbms9Imh0dHA6Ly93d3cudzMub3JnLzE5OTkveGxpbmsiIHdpZHRoPSI0OCIgaGVpZ2h0PSI0OCIgdmlld0JveD0iMCAwIDQ4IDQ4Ij4KPGcgaWQ9Imljb21vb24taWdub3JlIj4KCTxsaW5lIHN0cm9rZS13aWR0aD0iMSIgeDE9IiIgeTE9IiIgeDI9IiIgeTI9IiIgc3Ryb2tlPSIjNDQ5RkRCIiBvcGFjaXR5PSIiPjwvbGluZT4KPC9nPgoJPHBhdGggZD0iTTM4LjQ4IDkuMDcwYzAuMjQ4IDAgMC40NSAwLjIwMiAwLjQ1IDAuNDV2MjguOTU5YzAgMC4yNDgtMC4yMDIgMC40NS0wLjQ1IDAuNDVoLTI4Ljk1OWMtMC4yNDggMC0wLjQ1LTAuMjAyLTAuNDUtMC40NXYtMjguOTU5YzAtMC4yNDggMC4yMDItMC40NSAwLjQ1LTAuNDVoMjguOTU5ek0zOC40OCA4aC0yOC45NTljLTAuODQgMC0xLjUyIDAuNjgxLTEuNTIgMS41MjF2MjguOTU5YzAgMC44NCAwLjY4MSAxLjUyMSAxLjUyIDEuNTIxaDI4Ljk1OWMwLjg0IDAgMS41Mi0wLjY4MSAxLjUyLTEuNTIxdi0yOC45NTljMC0wLjg0LTAuNjgxLTEuNTIxLTEuNTItMS41MjF2MHoiIG9wYWNpdHk9IjEiIHZpc2liaWxpdHk9ImZhbHNlIiBmaWxsPSIjZDdkN2Q3Ij48L3BhdGg+Cgk8cGF0aCBkPSJNMTIuMjI4IDM1LjIyNHYtMy4zMjljMC0wLjE0NSAwLjA1OC0wLjI4NSAwLjE2LTAuMzg4bDUuNTg3LTUuNTg3YzAuMjE0LTAuMjE0IDAuNTYxLTAuMjE0IDAuNzc1IDBsMi4xMTkgMi4xMTljMC4yMTQgMC4yMTQgMC41NjEgMC4yMTQgMC43NzUgMGw4LjE5MS04LjE5MmMwLjIxNC0wLjIxNCAwLjU2MS0wLjIxNCAwLjc3NSAwbDUgNWMwLjEwMyAwLjEwMyAwLjE2IDAuMjQyIDAuMTYgMC4zODh2OS45ODhjMCAwLjMwMy0wLjI0NSAwLjU0OC0wLjU0OCAwLjU0OGgtMjIuNDQ3Yy0wLjMwMyAwLTAuNTQ4LTAuMjQ1LTAuNTQ4LTAuNTQ4eiIgb3BhY2l0eT0iMSIgdmlzaWJpbGl0eT0iZmFsc2UiIGZpbGw9IiNkN2Q3ZDciPjwvcGF0aD4KCTxwYXRoIGQ9Ik0yMS41NDQgMTcuOTY3YzAgMS45ODItMS42MDYgMy41ODgtMy41ODggMy41ODhzLTMuNTg4LTEuNjA2LTMuNTg4LTMuNTg4YzAtMS45ODEgMS42MDYtMy41ODggMy41ODgtMy41ODhzMy41ODggMS42MDYgMy41ODggMy41ODh6IiBvcGFjaXR5PSIxIiB2aXNpYmlsaXR5PSJmYWxzZSIgZmlsbD0iI2Q3ZDdkNyI+PC9wYXRoPgo8L3N2Zz4K" alt="Cooked Perfect Bite Size Italian Style Meatballs - apx 52 ct Frozen 26 OZ PKG" class="product-grid-image object-contain product-grid-cell_main-image" skeleton-box-size="14rem"></div></a><div class="product-grid-cell_price-tag product-grid-cell_price-tag--full-tile"><div class="product-tile_detail"><div class="skeleton-loader_wrapper cursor-pointer"><!-- eslint-disable-next-line vuejs-accessibility/click-events-have-key-events --><div class="product-grid-cell_price-container product-grid-cell_price-container_column"><span class="sr-only">Cooked Perfect Bite Size Italian Style Meatballs - apx 52 ct Frozen</span><span class="product-grid-cell_main-price product-grid-cell_main-price--on-sale"><span class="sr-only"> Sale Price </span> $6.99</span><div class="product-grid-cell_was-container"><span class="product-grid-cell_regular-price mb-1 product-grid-cell_regular-price--small"><span class="sr-only"> Original Price </span> $10.49</span></div></div><!--v-if--></div><!--v-if--></div><button class="product-tile_detail-title"><div class="skeleton-loader_wrapper"><div class="product-grid-cell_name"><a id="product-name-227689-17497327347073099" class="product-grid-cell_name-text product-grid-cell_name-text--small product-grid-cell_name-text--clamp-2" href="https://stopandshop.com/product/cooked-perfect-bite-size-italian-style-meatballs-apx-52-ct-frozen-26-oz-pkg/227689" data-opens-modal="true" aria-haspopup="dialog"><!--v-if--> Cooked Perfect Bite Size Italian Style Meatballs - apx 52 ct Frozen</a></div><!--v-if--><!--v-if--></div><div class="skeleton-loader_wrapper"><!-- eslint-disable-next-line vuejs-accessibility/click-events-have-key-events --><div class="product-grid-cell_sizes"><span class="product-grid-cell_size">26 OZ PKG</span><span aria-hidden="true"> | </span><!--v-if--><span class="product-grid-cell_unit">$4.29 /LB</span></div><!--v-if--></div><!--v-if--></button><div class="product-grid-cell_promo-name"><!--v-if--><!--v-if--><!--v-if--><!--v-if--><!--v-if--></div><!--v-if--><!--v-if--><!--v-if--><!--v-if--><div class="margin-top--one"><!--v-if--><div class="pdl-add-to-cart" coupon-clipped="false"><div class="pdl-add-to-cart_button"><button class="button button--add-to-cart add-sale" aria-label="Add to cart" data-product-id="227689" data-price="6.99">Add to cart <!--v-if--></button><!--v-if--><!--v-if--><!-- Swap n Save --><!--v-if--></div><!--v-if--></div><!--v-if--><!--v-if--></div><!--v-if--></div></div><!-- MOBILE VIEW --><!--v-if--><!-- This is for xxsmall devices --><div class="mobile-product-list-cell_bottom m-4 hidden"><div class="mobile-product-list-cell_bottom_cart-ui-wrapper"><!--v-if--><div class="pdl-add-to-cart" coupon-clipped="false"><div class="pdl-add-to-cart_button"><button class="button button--add-to-cart add-sale" aria-label="Add to cart" data-product-id="227689" data-price="6.99">Add to cart <!--v-if--></button><!--v-if--><!--v-if--><!-- Swap n Save --><!--v-if--></div><!--v-if--></div><!--v-if--><!--v-if--></div><!--v-if--></div><div class="product-tile_action-items" is-typeahead="false"><!--v-if--><!--v-if--><div class="shopping-list-menu_container"><div class="relative-el"><button class="button pdl-product-detail_top-icon button--fourth pdl-product-detail_top-icon--borderless" aria-label="add to shopping list" page-view="browse aisles" title="On Sale in Meat"><!--v-if--><div class="vector-icon-size--large"><svg xmlns="http://www.w3.org/2000/svg" class="vector-icon-color--dark-grey" aria-label="Shopping List Icon Add" viewBox="0 0 32 32" role="presentation" aria-hidden="true" focusable="false"><title lang="en">Shopping List Icon Add</title><desc></desc><g fill="" stroke=""><g><path d="M21.94066,15.3368884 L21.94066,12.8931995 C21.94066,12.3409148 22.3883752,11.8931995 22.94066,11.8931995 C23.4929447,11.8931995 23.94066,12.3409148 23.94066,12.8931995 L23.94066,15.3368884 L26.2522624,15.3368884 C26.8045471,15.3368884 27.2522624,15.7846037 27.2522624,16.3368884 C27.2522624,16.8891732 26.8045471,17.3368884 26.2522624,17.3368884 L23.94066,17.3368884 L23.94066,19.8787952 C23.94066,20.43108 23.4929447,20.8787952 22.94066,20.8787952 C22.3883752,20.8787952 21.94066,20.43108 21.94066,19.8787952 L21.94066,17.3368884 L19.2666667,17.3368884 C18.7143819,17.3368884 18.2666667,16.8891732 18.2666667,16.3368884 C18.2666667,15.7846037 18.7143819,15.3368884 19.2666667,15.3368884 L21.94066,15.3368884 Z M8,12 C7.44771525,12 7,11.5522847 7,11 C7,10.4477153 7.44771525,10 8,10 L19.1153581,10 C19.6676429,10 20.1153581,10.4477153 20.1153581,11 C20.1153581,11.5522847 19.6676429,12 19.1153581,12 L8,12 Z M8,17.3368884 C7.44771525,17.3368884 7,16.8891732 7,16.3368884 C7,15.7846037 7.44771525,15.3368884 8,15.3368884 L14.7200696,15.3368884 C15.2723543,15.3368884 15.7200696,15.7846037 15.7200696,16.3368884 C15.7200696,16.8891732 15.2723543,17.3368884 14.7200696,17.3368884 L8,17.3368884 Z M8,23 C7.44771525,23 7,22.5522847 7,22 C7,21.4477153 7.44771525,21 8,21 L19.1153581,21 C19.6676429,21 20.1153581,21.4477153 20.1153581,22 C20.1153581,22.5522847 19.6676429,23 19.1153581,23 L8,23 Z" fill="#000000" fill-rule="nonzero"></path></g></g></svg></div><div class="pdl-product-detail_list-tooltip"><p class="no-wrap">Sign in to add to shopping list</p><em></em></div></button></div></div></div><!--v-if--></li><!-- eslint-disable vuejs-accessibility/mouse-events-have-key-events --><li tabindex="-1" data-product-id="306801" class="tile product-cell product-grid-cell mb-0"><!--v-if--><!--v-if--><!--v-if--><div class="product-tile_content"><div class="flag_outer-container"><div class=""><svg xmlns="http://www.w3.org/2000/svg" class="w-20 ml-3" aria-label="Sale" viewBox="0 0 32 32" role="presentation" aria-hidden="true" focusable="false"><title lang="en">Sale</title><desc></desc><g fill="" stroke=""><g><path d="M16.56 19.87a3.81 3.81 0 0 1-1-.13l-13.39-3.5a1.5 1.5 0 0 1-1.12-1.34l-.81-11a1.52 1.52 0 0 1 1.39-1.61l27.69-2h.11a1.51 1.51 0 0 1 1.5 1.4l.82 11a1.52 1.52 0 0 1-.91 1.5l-12.72 5.36a3.79 3.79 0 0 1-1.56.32Z" fill="#ed1256"></path><path fill="#fff" d="M29.43.48a1.26 1.26 0 0 1 1.26 1.17l.82 11a1.27 1.27 0 0 1-.76 1.26L18 19.34a3.72 3.72 0 0 1-1.47.3 3.79 3.79 0 0 1-.94-.12L2.24 16a1.27 1.27 0 0 1-1-1.13l-.81-11a1.26 1.26 0 0 1 1.22-1.33L29.34.48h.09m0-.48h-.13L1.62 2A1.76 1.76 0 0 0 0 3.92l.82 11a1.73 1.73 0 0 0 1.3 1.55L15.5 20a4.3 4.3 0 0 0 1.07.14 4.24 4.24 0 0 0 1.65-.34l12.72-5.44A1.76 1.76 0 0 0 32 12.59l-.82-11A1.76 1.76 0 0 0 29.43 0Z"></path><path fill="#fff" d="M3.74 9.87a3 3 0 0 0 .82.55 2.21 2.21 0 0 0 1.08.19 1.6 1.6 0 0 0 .29 0 1 1 0 0 0 .26-.12.58.58 0 0 0 .18-.2.62.62 0 0 0 0-.31.59.59 0 0 0-.32-.49 3.38 3.38 0 0 0-.85-.34L4.84 9a4.19 4.19 0 0 1-.69-.26 2.44 2.44 0 0 1-.63-.41 1.92 1.92 0 0 1-.7-1.42 2.68 2.68 0 0 1 .1-1A2.2 2.2 0 0 1 3.39 5a2.42 2.42 0 0 1 .82-.6 3.15 3.15 0 0 1 1.17-.28 3.68 3.68 0 0 1 1.72.24 3 3 0 0 1 .57.29A2.66 2.66 0 0 1 8 5l-.82 1.37a4.42 4.42 0 0 0-.82-.45 2 2 0 0 0-.85-.13 1.4 1.4 0 0 0-.28.06A.9.9 0 0 0 5 6a.62.62 0 0 0-.16.2.5.5 0 0 0 0 .28.6.6 0 0 0 .1.31.68.68 0 0 0 .24.2 1.27 1.27 0 0 0 .35.15l.43.13.35.09a7.49 7.49 0 0 1 .69.22 2.2 2.2 0 0 1 .72.42 2.46 2.46 0 0 1 .54.68 2.31 2.31 0 0 1 .27 1 2.15 2.15 0 0 1-.15 1 2.53 2.53 0 0 1-.56.84 2.77 2.77 0 0 1-.88.59 4 4 0 0 1-1.11.27A4.67 4.67 0 0 1 4 12.25a3.79 3.79 0 0 1-1.28-.75ZM11.29 3.89l2.17-.16 3.1 7.7-2 .15L14 10l-2.39.18-.35 1.67-2 .14Zm2.15 4.6-1-2.84-.61 2.95ZM17 3.47l1.89-.14.44 6 3.3-.25.16 1.92-5.19.39ZM23.36 3l5.13-.38.13 1.8-3.24.24.09 1.22 2.66-.2.12 1.7-2.65.2.09 1.35 3.46-.26.13 1.81-5.34.4Z"></path></g></g></svg></div><!--v-if--><!--v-if--><!--v-if--><!--v-if--></div><a href="https://stopandshop.com/product/jimmy-dean-premium-hickory-smoked-thick-cut-bacon-sliced-12-oz-pkg/306801" aria-hidden="true" tabindex="-1"><div><!--v-if--><img src="data:image/svg+xml;base64,PD94bWwgdmVyc2lvbj0iMS4wIiBlbmNvZGluZz0idXRmLTgiPz4KPCEtLSBHZW5lcmF0ZWQgYnkgSWNvTW9vbi5pbyAtLT4KPCFET0NUWVBFIHN2ZyBQVUJMSUMgIi0vL1czQy8vRFREIFNWRyAxLjEvL0VOIiAiaHR0cDovL3d3dy53My5vcmcvR3JhcGhpY3MvU1ZHLzEuMS9EVEQvc3ZnMTEuZHRkIj4KPHN2ZyB2ZXJzaW9uPSIxLjEiIHhtbG5zPSJodHRwOi8vd3d3LnczLm9yZy8yMDAwL3N2ZyIgeG1sbnM6eGxpbms9Imh0dHA6Ly93d3cudzMub3JnLzE5OTkveGxpbmsiIHdpZHRoPSI0OCIgaGVpZ2h0PSI0OCIgdmlld0JveD0iMCAwIDQ4IDQ4Ij4KPGcgaWQ9Imljb21vb24taWdub3JlIj4KCTxsaW5lIHN0cm9rZS13aWR0aD0iMSIgeDE9IiIgeTE9IiIgeDI9IiIgeTI9IiIgc3Ryb2tlPSIjNDQ5RkRCIiBvcGFjaXR5PSIiPjwvbGluZT4KPC9nPgoJPHBhdGggZD0iTTM4LjQ4IDkuMDcwYzAuMjQ4IDAgMC40NSAwLjIwMiAwLjQ1IDAuNDV2MjguOTU5YzAgMC4yNDgtMC4yMDIgMC40NS0wLjQ1IDAuNDVoLTI4Ljk1OWMtMC4yNDggMC0wLjQ1LTAuMjAyLTAuNDUtMC40NXYtMjguOTU5YzAtMC4yNDggMC4yMDItMC40NSAwLjQ1LTAuNDVoMjguOTU5ek0zOC40OCA4aC0yOC45NTljLTAuODQgMC0xLjUyIDAuNjgxLTEuNTIgMS41MjF2MjguOTU5YzAgMC44NCAwLjY4MSAxLjUyMSAxLjUyIDEuNTIxaDI4Ljk1OWMwLjg0IDAgMS41Mi0wLjY4MSAxLjUyLTEuNTIxdi0yOC45NTljMC0wLjg0LTAuNjgxLTEuNTIxLTEuNTItMS41MjF2MHoiIG9wYWNpdHk9IjEiIHZpc2liaWxpdHk9ImZhbHNlIiBmaWxsPSIjZDdkN2Q3Ij48L3BhdGg+Cgk8cGF0aCBkPSJNMTIuMjI4IDM1LjIyNHYtMy4zMjljMC0wLjE0NSAwLjA1OC0wLjI4NSAwLjE2LTAuMzg4bDUuNTg3LTUuNTg3YzAuMjE0LTAuMjE0IDAuNTYxLTAuMjE0IDAuNzc1IDBsMi4xMTkgMi4xMTljMC4yMTQgMC4yMTQgMC41NjEgMC4yMTQgMC43NzUgMGw4LjE5MS04LjE5MmMwLjIxNC0wLjIxNCAwLjU2MS0wLjIxNCAwLjc3NSAwbDUgNWMwLjEwMyAwLjEwMyAwLjE2IDAuMjQyIDAuMTYgMC4zODh2OS45ODhjMCAwLjMwMy0wLjI0NSAwLjU0OC0wLjU0OCAwLjU0OGgtMjIuNDQ3Yy0wLjMwMyAwLTAuNTQ4LTAuMjQ1LTAuNTQ4LTAuNTQ4eiIgb3BhY2l0eT0iMSIgdmlzaWJpbGl0eT0iZmFsc2UiIGZpbGw9IiNkN2Q3ZDciPjwvcGF0aD4KCTxwYXRoIGQ9Ik0yMS41NDQgMTcuOTY3YzAgMS45ODItMS42MDYgMy41ODgtMy41ODggMy41ODhzLTMuNTg4LTEuNjA2LTMuNTg4LTMuNTg4YzAtMS45ODEgMS42MDYtMy41ODggMy41ODgtMy41ODhzMy41ODggMS42MDYgMy41ODggMy41ODh6IiBvcGFjaXR5PSIxIiB2aXNpYmlsaXR5PSJmYWxzZSIgZmlsbD0iI2Q3ZDdkNyI+PC9wYXRoPgo8L3N2Zz4K" alt="Jimmy Dean Premium Hickory Smoked Thick Cut Bacon Sliced 12 OZ PKG" class="product-grid-image object-contain product-grid-cell_main-image" skeleton-box-size="14rem"></div></a><div class="product-grid-cell_price-tag product-grid-cell_price-tag--full-tile"><div class="product-tile_detail"><div class="skeleton-loader_wrapper cursor-pointer"><!-- eslint-disable-next-line vuejs-accessibility/click-events-have-key-events --><div class="product-grid-cell_price-container product-grid-cell_price-container_column"><span class="sr-only">Jimmy Dean Premium Hickory Smoked Thick Cut Bacon Sliced</span><span class="product-grid-cell_main-price product-grid-cell_main-price--on-sale"><span class="sr-only"> Sale Price </span> $3.99</span><div class="product-grid-cell_was-container"><span class="product-grid-cell_regular-price mb-1 product-grid-cell_regular-price--small"><span class="sr-only"> Original Price </span> $5.79</span></div></div><!--v-if--></div><!--v-if--></div><button class="product-tile_detail-title"><div class="skeleton-loader_wrapper"><div class="product-grid-cell_name"><a id="product-name-306801-17497327347088595" class="product-grid-cell_name-text product-grid-cell_name-text--small product-grid-cell_name-text--clamp-2" href="https://stopandshop.com/product/jimmy-dean-premium-hickory-smoked-thick-cut-bacon-sliced-12-oz-pkg/306801" data-opens-modal="true" aria-haspopup="dialog"><!--v-if--> Jimmy Dean Premium Hickory Smoked Thick Cut Bacon Sliced</a></div><!--v-if--><!--v-if--></div><div class="skeleton-loader_wrapper"><!-- eslint-disable-next-line vuejs-accessibility/click-events-have-key-events --><div class="product-grid-cell_sizes"><span class="product-grid-cell_size">12 OZ PKG</span><span aria-hidden="true"> | </span><!--v-if--><span class="product-grid-cell_unit">$5.32 /LB</span></div><!--v-if--></div><!--v-if--></button><div class="product-grid-cell_promo-name"><!--v-if--><!--v-if--><!--v-if--><!--v-if--><!--v-if--></div><!--v-if--><!--v-if--><!--v-if--><!--v-if--><div class="margin-top--one"><!--v-if--><div class="pdl-add-to-cart" coupon-clipped="false"><div class="pdl-add-to-cart_button"><button class="button button--add-to-cart add-sale" aria-label="Add to cart" data-product-id="306801" data-price="3.99">Add to cart <!--v-if--></button><!--v-if--><!--v-if--><!-- Swap n Save --><!--v-if--></div><!--v-if--></div><!--v-if--><!--v-if--></div><!--v-if--></div></div><!-- MOBILE VIEW --><!--v-if--><!-- This is for xxsmall devices --><div class="mobile-product-list-cell_bottom m-4 hidden"><div class="mobile-product-list-cell_bottom_cart-ui-wrapper"><!--v-if--><div class="pdl-add-to-cart" coupon-clipped="false"><div class="pdl-add-to-cart_button"><button class="button button--add-to-cart add-sale" aria-label="Add to cart" data-product-id="306801" data-price="3.99">Add to cart <!--v-if--></button><!--v-if--><!--v-if--><!-- Swap n Save --><!--v-if--></div><!--v-if--></div><!--v-if--><!--v-if--></div><!--v-if--></div><div class="product-tile_action-items" is-typeahead="false"><!--v-if--><!--v-if--><div class="shopping-list-menu_container"><div class="relative-el"><button class="button pdl-product-detail_top-icon button--fourth pdl-product-detail_top-icon--borderless" aria-label="add to shopping list" page-view="browse aisles" title="On Sale in Meat"><!--v-if--><div class="vector-icon-size--large"><svg xmlns="http://www.w3.org/2000/svg" class="vector-icon-color--dark-grey" aria-label="Shopping List Icon Add" viewBox="0 0 32 32" role="presentation" aria-hidden="true" focusable="false"><title lang="en">Shopping List Icon Add</title><desc></desc><g fill="" stroke=""><g><path d="M21.94066,15.3368884 L21.94066,12.8931995 C21.94066,12.3409148 22.3883752,11.8931995 22.94066,11.8931995 C23.4929447,11.8931995 23.94066,12.3409148 23.94066,12.8931995 L23.94066,15.3368884 L26.2522624,15.3368884 C26.8045471,15.3368884 27.2522624,15.7846037 27.2522624,16.3368884 C27.2522624,16.8891732 26.8045471,17.3368884 26.2522624,17.3368884 L23.94066,17.3368884 L23.94066,19.8787952 C23.94066,20.43108 23.4929447,20.8787952 22.94066,20.8787952 C22.3883752,20.8787952 21.94066,20.43108 21.94066,19.8787952 L21.94066,17.3368884 L19.2666667,17.3368884 C18.7143819,17.3368884 18.2666667,16.8891732 18.2666667,16.3368884 C18.2666667,15.7846037 18.7143819,15.3368884 19.2666667,15.3368884 L21.94066,15.3368884 Z M8,12 C7.44771525,12 7,11.5522847 7,11 C7,10.4477153 7.44771525,10 8,10 L19.1153581,10 C19.6676429,10 20.1153581,10.4477153 20.1153581,11 C20.1153581,11.5522847 19.6676429,12 19.1153581,12 L8,12 Z M8,17.3368884 C7.44771525,17.3368884 7,16.8891732 7,16.3368884 C7,15.7846037 7.44771525,15.3368884 8,15.3368884 L14.7200696,15.3368884 C15.2723543,15.3368884 15.7200696,15.7846037 15.7200696,16.3368884 C15.7200696,16.8891732 15.2723543,17.3368884 14.7200696,17.3368884 L8,17.3368884 Z M8,23 C7.44771525,23 7,22.5522847 7,22 C7,21.4477153 7.44771525,21 8,21 L19.1153581,21 C19.6676429,21 20.1153581,21.4477153 20.1153581,22 C20.1153581,22.5522847 19.6676429,23 19.1153581,23 L8,23 Z" fill="#000000" fill-rule="nonzero"></path></g></g></svg></div><div class="pdl-product-detail_list-tooltip"><p class="no-wrap">Sign in to add to shopping list</p><em></em></div></button></div></div></div><!--v-if--></li><!-- eslint-disable vuejs-accessibility/mouse-events-have-key-events --><li tabindex="-1" data-product-id="124903" class="tile product-cell product-grid-cell mb-0"><!--v-if--><!--v-if--><!--v-if--><div class="product-tile_content"><div class="flag_outer-container"><div class=""><svg xmlns="http://www.w3.org/2000/svg" class="w-20 ml-3" aria-label="Sale" viewBox="0 0 32 32" role="presentation" aria-hidden="true" focusable="false"><title lang="en">Sale</title><desc></desc><g fill="" stroke=""><g><path d="M16.56 19.87a3.81 3.81 0 0 1-1-.13l-13.39-3.5a1.5 1.5 0 0 1-1.12-1.34l-.81-11a1.52 1.52 0 0 1 1.39-1.61l27.69-2h.11a1.51 1.51 0 0 1 1.5 1.4l.82 11a1.52 1.52 0 0 1-.91 1.5l-12.72 5.36a3.79 3.79 0 0 1-1.56.32Z" fill="#ed1256"></path><path fill="#fff" d="M29.43.48a1.26 1.26 0 0 1 1.26 1.17l.82 11a1.27 1.27 0 0 1-.76 1.26L18 19.34a3.72 3.72 0 0 1-1.47.3 3.79 3.79 0 0 1-.94-.12L2.24 16a1.27 1.27 0 0 1-1-1.13l-.81-11a1.26 1.26 0 0 1 1.22-1.33L29.34.48h.09m0-.48h-.13L1.62 2A1.76 1.76 0 0 0 0 3.92l.82 11a1.73 1.73 0 0 0 1.3 1.55L15.5 20a4.3 4.3 0 0 0 1.07.14 4.24 4.24 0 0 0 1.65-.34l12.72-5.44A1.76 1.76 0 0 0 32 12.59l-.82-11A1.76 1.76 0 0 0 29.43 0Z"></path><path fill="#fff" d="M3.74 9.87a3 3 0 0 0 .82.55 2.21 2.21 0 0 0 1.08.19 1.6 1.6 0 0 0 .29 0 1 1 0 0 0 .26-.12.58.58 0 0 0 .18-.2.62.62 0 0 0 0-.31.59.59 0 0 0-.32-.49 3.38 3.38 0 0 0-.85-.34L4.84 9a4.19 4.19 0 0 1-.69-.26 2.44 2.44 0 0 1-.63-.41 1.92 1.92 0 0 1-.7-1.42 2.68 2.68 0 0 1 .1-1A2.2 2.2 0 0 1 3.39 5a2.42 2.42 0 0 1 .82-.6 3.15 3.15 0 0 1 1.17-.28 3.68 3.68 0 0 1 1.72.24 3 3 0 0 1 .57.29A2.66 2.66 0 0 1 8 5l-.82 1.37a4.42 4.42 0 0 0-.82-.45 2 2 0 0 0-.85-.13 1.4 1.4 0 0 0-.28.06A.9.9 0 0 0 5 6a.62.62 0 0 0-.16.2.5.5 0 0 0 0 .28.6.6 0 0 0 .1.31.68.68 0 0 0 .24.2 1.27 1.27 0 0 0 .35.15l.43.13.35.09a7.49 7.49 0 0 1 .69.22 2.2 2.2 0 0 1 .72.42 2.46 2.46 0 0 1 .54.68 2.31 2.31 0 0 1 .27 1 2.15 2.15 0 0 1-.15 1 2.53 2.53 0 0 1-.56.84 2.77 2.77 0 0 1-.88.59 4 4 0 0 1-1.11.27A4.67 4.67 0 0 1 4 12.25a3.79 3.79 0 0 1-1.28-.75ZM11.29 3.89l2.17-.16 3.1 7.7-2 .15L14 10l-2.39.18-.35 1.67-2 .14Zm2.15 4.6-1-2.84-.61 2.95ZM17 3.47l1.89-.14.44 6 3.3-.25.16 1.92-5.19.39ZM23.36 3l5.13-.38.13 1.8-3.24.24.09 1.22 2.66-.2.12 1.7-2.65.2.09 1.35 3.46-.26.13 1.81-5.34.4Z"></path></g></g></svg></div><!--v-if--><!--v-if--><!--v-if--><!--v-if--></div><a href="https://stopandshop.com/product/tyson-natural-breaded-chicken-strips-frozen-25-oz-bag/124903" aria-hidden="true" tabindex="-1"><div><!--v-if--><img src="data:image/svg+xml;base64,PD94bWwgdmVyc2lvbj0iMS4wIiBlbmNvZGluZz0idXRmLTgiPz4KPCEtLSBHZW5lcmF0ZWQgYnkgSWNvTW9vbi5pbyAtLT4KPCFET0NUWVBFIHN2ZyBQVUJMSUMgIi0vL1czQy8vRFREIFNWRyAxLjEvL0VOIiAiaHR0cDovL3d3dy53My5vcmcvR3JhcGhpY3MvU1ZHLzEuMS9EVEQvc3ZnMTEuZHRkIj4KPHN2ZyB2ZXJzaW9uPSIxLjEiIHhtbG5zPSJodHRwOi8vd3d3LnczLm9yZy8yMDAwL3N2ZyIgeG1sbnM6eGxpbms9Imh0dHA6Ly93d3cudzMub3JnLzE5OTkveGxpbmsiIHdpZHRoPSI0OCIgaGVpZ2h0PSI0OCIgdmlld0JveD0iMCAwIDQ4IDQ4Ij4KPGcgaWQ9Imljb21vb24taWdub3JlIj4KCTxsaW5lIHN0cm9rZS13aWR0aD0iMSIgeDE9IiIgeTE9IiIgeDI9IiIgeTI9IiIgc3Ryb2tlPSIjNDQ5RkRCIiBvcGFjaXR5PSIiPjwvbGluZT4KPC9nPgoJPHBhdGggZD0iTTM4LjQ4IDkuMDcwYzAuMjQ4IDAgMC40NSAwLjIwMiAwLjQ1IDAuNDV2MjguOTU5YzAgMC4yNDgtMC4yMDIgMC40NS0wLjQ1IDAuNDVoLTI4Ljk1OWMtMC4yNDggMC0wLjQ1LTAuMjAyLTAuNDUtMC40NXYtMjguOTU5YzAtMC4yNDggMC4yMDItMC40NSAwLjQ1LTAuNDVoMjguOTU5ek0zOC40OCA4aC0yOC45NTljLTAuODQgMC0xLjUyIDAuNjgxLTEuNTIgMS41MjF2MjguOTU5YzAgMC44NCAwLjY4MSAxLjUyMSAxLjUyIDEuNTIxaDI4Ljk1OWMwLjg0IDAgMS41Mi0wLjY4MSAxLjUyLTEuNTIxdi0yOC45NTljMC0wLjg0LTAuNjgxLTEuNTIxLTEuNTItMS41MjF2MHoiIG9wYWNpdHk9IjEiIHZpc2liaWxpdHk9ImZhbHNlIiBmaWxsPSIjZDdkN2Q3Ij48L3BhdGg+Cgk8cGF0aCBkPSJNMTIuMjI4IDM1LjIyNHYtMy4zMjljMC0wLjE0NSAwLjA1OC0wLjI4NSAwLjE2LTAuMzg4bDUuNTg3LTUuNTg3YzAuMjE0LTAuMjE0IDAuNTYxLTAuMjE0IDAuNzc1IDBsMi4xMTkgMi4xMTljMC4yMTQgMC4yMTQgMC41NjEgMC4yMTQgMC43NzUgMGw4LjE5MS04LjE5MmMwLjIxNC0wLjIxNCAwLjU2MS0wLjIxNCAwLjc3NSAwbDUgNWMwLjEwMyAwLjEwMyAwLjE2IDAuMjQyIDAuMTYgMC4zODh2OS45ODhjMCAwLjMwMy0wLjI0NSAwLjU0OC0wLjU0OCAwLjU0OGgtMjIuNDQ3Yy0wLjMwMyAwLTAuNTQ4LTAuMjQ1LTAuNTQ4LTAuNTQ4eiIgb3BhY2l0eT0iMSIgdmlzaWJpbGl0eT0iZmFsc2UiIGZpbGw9IiNkN2Q3ZDciPjwvcGF0aD4KCTxwYXRoIGQ9Ik0yMS41NDQgMTcuOTY3YzAgMS45ODItMS42MDYgMy41ODgtMy41ODggMy41ODhzLTMuNTg4LTEuNjA2LTMuNTg4LTMuNTg4YzAtMS45ODEgMS42MDYtMy41ODggMy41ODgtMy41ODhzMy41ODggMS42MDYgMy41ODggMy41ODh6IiBvcGFjaXR5PSIxIiB2aXNpYmlsaXR5PSJmYWxzZSIgZmlsbD0iI2Q3ZDdkNyI+PC9wYXRoPgo8L3N2Zz4K" alt="Tyson Natural Breaded Chicken Strips Frozen 25 OZ BAG" class="product-grid-image object-contain product-grid-cell_main-image" skeleton-box-size="14rem"></div></a><div class="product-grid-cell_price-tag product-grid-cell_price-tag--full-tile"><div class="product-tile_detail"><div class="skeleton-loader_wrapper cursor-pointer"><!-- eslint-disable-next-line vuejs-accessibility/click-events-have-key-events --><div class="product-grid-cell_price-container product-grid-cell_price-container_column"><span class="sr-only">Tyson Natural Breaded Chicken Strips Frozen</span><span class="product-grid-cell_main-price product-grid-cell_main-price--on-sale"><span class="sr-only"> Sale Price </span> $7.99</span><div class="product-grid-cell_was-container"><span class="product-grid-cell_regular-price mb-1 product-grid-cell_regular-price--small"><span class="sr-only"> Original Price </span> $11.29</span></div></div><!--v-if--></div><!--v-if--></div><button class="product-tile_detail-title"><div class="skeleton-loader_wrapper"><div class="product-grid-cell_name"><a id="product-name-124903-17497327347103169" class="product-grid-cell_name-text product-grid-cell_name-text--small product-grid-cell_name-text--clamp-2" href="https://stopandshop.com/product/tyson-natural-breaded-chicken-strips-frozen-25-oz-bag/124903" data-opens-modal="true" aria-haspopup="dialog"><!--v-if--> Tyson Natural Breaded Chicken Strips Frozen</a></div><!--v-if--><!--v-if--></div><div class="skeleton-loader_wrapper"><!-- eslint-disable-next-line vuejs-accessibility/click-events-have-key-events --><div class="product-grid-cell_sizes"><span class="product-grid-cell_size">25 OZ BAG</span><span aria-hidden="true"> | </span><!--v-if--><span class="product-grid-cell_unit">$5.12 /LB</span></div><!--v-if--></div><!--v-if--></button><div class="product-grid-cell_promo-name"><!--v-if--><!--v-if--><!--v-if--><!--v-if--><!--v-if--></div><!--v-if--><!--v-if--><!--v-if--><!--v-if--><div class="margin-top--one"><!--v-if--><div class="pdl-add-to-cart" coupon-clipped="false"><div class="pdl-add-to-cart_button"><button class="button button--add-to-cart add-sale" aria-label="Add to cart" data-product-id="124903" data-price="7.99">Add to cart <!--v-if--></button><!--v-if--><!--v-if--><!-- Swap n Save --><!--v-if--></div><!--v-if--></div><!--v-if--><!--v-if--></div><!--v-if--></div></div><!-- MOBILE VIEW --><!--v-if--><!-- This is for xxsmall devices --><div class="mobile-product-list-cell_bottom m-4 hidden"><div class="mobile-product-list-cell_bottom_cart-ui-wrapper"><!--v-if--><div class="pdl-add-to-cart" coupon-clipped="false"><div class="pdl-add-to-cart_button"><button class="button button--add-to-cart add-sale" aria-label="Add to cart" data-product-id="124903" data-price="7.99">Add to cart <!--v-if--></button><!--v-if--><!--v-if--><!-- Swap n Save --><!--v-if--></div><!--v-if--></div><!--v-if--><!--v-if--></div><!--v-if--></div><div class="product-tile_action-items" is-typeahead="false"><!--v-if--><!--v-if--><div class="shopping-list-menu_container"><div class="relative-el"><button class="button pdl-product-detail_top-icon button--fourth pdl-product-detail_top-icon--borderless" aria-label="add to shopping list" page-view="browse aisles" title="On Sale in Meat"><!--v-if--><div class="vector-icon-size--large"><svg xmlns="http://www.w3.org/2000/svg" class="vector-icon-color--dark-grey" aria-label="Shopping List Icon Add" viewBox="0 0 32 32" role="presentation" aria-hidden="true" focusable="false"><title lang="en">Shopping List Icon Add</title><desc></desc><g fill="" stroke=""><g><path d="M21.94066,15.3368884 L21.94066,12.8931995 C21.94066,12.3409148 22.3883752,11.8931995 22.94066,11.8931995 C23.4929447,11.8931995 23.94066,12.3409148 23.94066,12.8931995 L23.94066,15.3368884 L26.2522624,15.3368884 C26.8045471,15.3368884 27.2522624,15.7846037 27.2522624,16.3368884 C27.2522624,16.8891732 26.8045471,17.3368884 26.2522624,17.3368884 L23.94066,17.3368884 L23.94066,19.8787952 C23.94066,20.43108 23.4929447,20.8787952 22.94066,20.8787952 C22.3883752,20.8787952 21.94066,20.43108 21.94066,19.8787952 L21.94066,17.3368884 L19.2666667,17.3368884 C18.7143819,17.3368884 18.2666667,16.8891732 18.2666667,16.3368884 C18.2666667,15.7846037 18.7143819,15.3368884 19.2666667,15.3368884 L21.94066,15.3368884 Z M8,12 C7.44771525,12 7,11.5522847 7,11 C7,10.4477153 7.44771525,10 8,10 L19.1153581,10 C19.6676429,10 20.1153581,10.4477153 20.1153581,11 C20.1153581,11.5522847 19.6676429,12 19.1153581,12 L8,12 Z M8,17.3368884 C7.44771525,17.3368884 7,16.8891732 7,16.3368884 C7,15.7846037 7.44771525,15.3368884 8,15.3368884 L14.7200696,15.3368884 C15.2723543,15.3368884 15.7200696,15.7846037 15.7200696,16.3368884 C15.7200696,16.8891732 15.2723543,17.3368884 14.7200696,17.3368884 L8,17.3368884 Z M8,23 C7.44771525,23 7,22.5522847 7,22 C7,21.4477153 7.44771525,21 8,21 L19.1153581,21 C19.6676429,21 20.1153581,21.4477153 20.1153581,22 C20.1153581,22.5522847 19.6676429,23 19.1153581,23 L8,23 Z" fill="#000000" fill-rule="nonzero"></path></g></g></svg></div><div class="pdl-product-detail_list-tooltip"><p class="no-wrap">Sign in to add to shopping list</p><em></em></div></button></div></div></div><!--v-if--></li><!--v-if--></ul><!--v-if--><!--v-if--><!--v-if--><!--v-if--></div><div tabindex="-1" class="pdl-carousel_item zone-block_carousel-item" style="height: auto; width: 697px;"><ul class="product-list product-list-triple pt-0 pdl-carousel_content" islastslide="false" itemcountpriorslide="[object Object]" index="7" style="height: auto;"><!-- eslint-disable vuejs-accessibility/mouse-events-have-key-events --><li tabindex="-1" data-product-id="265273" class="tile product-cell product-grid-cell mb-0"><!--v-if--><!--v-if--><!--v-if--><div class="product-tile_content"><div class="flag_outer-container"><div class=""><svg xmlns="http://www.w3.org/2000/svg" class="w-20 ml-3" aria-label="Sale" viewBox="0 0 32 32" role="presentation" aria-hidden="true" focusable="false"><title lang="en">Sale</title><desc></desc><g fill="" stroke=""><g><path d="M16.56 19.87a3.81 3.81 0 0 1-1-.13l-13.39-3.5a1.5 1.5 0 0 1-1.12-1.34l-.81-11a1.52 1.52 0 0 1 1.39-1.61l27.69-2h.11a1.51 1.51 0 0 1 1.5 1.4l.82 11a1.52 1.52 0 0 1-.91 1.5l-12.72 5.36a3.79 3.79 0 0 1-1.56.32Z" fill="#ed1256"></path><path fill="#fff" d="M29.43.48a1.26 1.26 0 0 1 1.26 1.17l.82 11a1.27 1.27 0 0 1-.76 1.26L18 19.34a3.72 3.72 0 0 1-1.47.3 3.79 3.79 0 0 1-.94-.12L2.24 16a1.27 1.27 0 0 1-1-1.13l-.81-11a1.26 1.26 0 0 1 1.22-1.33L29.34.48h.09m0-.48h-.13L1.62 2A1.76 1.76 0 0 0 0 3.92l.82 11a1.73 1.73 0 0 0 1.3 1.55L15.5 20a4.3 4.3 0 0 0 1.07.14 4.24 4.24 0 0 0 1.65-.34l12.72-5.44A1.76 1.76 0 0 0 32 12.59l-.82-11A1.76 1.76 0 0 0 29.43 0Z"></path><path fill="#fff" d="M3.74 9.87a3 3 0 0 0 .82.55 2.21 2.21 0 0 0 1.08.19 1.6 1.6 0 0 0 .29 0 1 1 0 0 0 .26-.12.58.58 0 0 0 .18-.2.62.62 0 0 0 0-.31.59.59 0 0 0-.32-.49 3.38 3.38 0 0 0-.85-.34L4.84 9a4.19 4.19 0 0 1-.69-.26 2.44 2.44 0 0 1-.63-.41 1.92 1.92 0 0 1-.7-1.42 2.68 2.68 0 0 1 .1-1A2.2 2.2 0 0 1 3.39 5a2.42 2.42 0 0 1 .82-.6 3.15 3.15 0 0 1 1.17-.28 3.68 3.68 0 0 1 1.72.24 3 3 0 0 1 .57.29A2.66 2.66 0 0 1 8 5l-.82 1.37a4.42 4.42 0 0 0-.82-.45 2 2 0 0 0-.85-.13 1.4 1.4 0 0 0-.28.06A.9.9 0 0 0 5 6a.62.62 0 0 0-.16.2.5.5 0 0 0 0 .28.6.6 0 0 0 .1.31.68.68 0 0 0 .24.2 1.27 1.27 0 0 0 .35.15l.43.13.35.09a7.49 7.49 0 0 1 .69.22 2.2 2.2 0 0 1 .72.42 2.46 2.46 0 0 1 .54.68 2.31 2.31 0 0 1 .27 1 2.15 2.15 0 0 1-.15 1 2.53 2.53 0 0 1-.56.84 2.77 2.77 0 0 1-.88.59 4 4 0 0 1-1.11.27A4.67 4.67 0 0 1 4 12.25a3.79 3.79 0 0 1-1.28-.75ZM11.29 3.89l2.17-.16 3.1 7.7-2 .15L14 10l-2.39.18-.35 1.67-2 .14Zm2.15 4.6-1-2.84-.61 2.95ZM17 3.47l1.89-.14.44 6 3.3-.25.16 1.92-5.19.39ZM23.36 3l5.13-.38.13 1.8-3.24.24.09 1.22 2.66-.2.12 1.7-2.65.2.09 1.35 3.46-.26.13 1.81-5.34.4Z"></path></g></g></svg></div><!--v-if--><!--v-if--><!--v-if--><!--v-if--></div><a href="https://stopandshop.com/product/wahlburgers-gourmet-blend-angus-ground-beef-burgers-4-ct-fresh-21.3-oz-pkg/265273" aria-hidden="true" tabindex="-1"><div><!--v-if--><img src="data:image/svg+xml;base64,PD94bWwgdmVyc2lvbj0iMS4wIiBlbmNvZGluZz0idXRmLTgiPz4KPCEtLSBHZW5lcmF0ZWQgYnkgSWNvTW9vbi5pbyAtLT4KPCFET0NUWVBFIHN2ZyBQVUJMSUMgIi0vL1czQy8vRFREIFNWRyAxLjEvL0VOIiAiaHR0cDovL3d3dy53My5vcmcvR3JhcGhpY3MvU1ZHLzEuMS9EVEQvc3ZnMTEuZHRkIj4KPHN2ZyB2ZXJzaW9uPSIxLjEiIHhtbG5zPSJodHRwOi8vd3d3LnczLm9yZy8yMDAwL3N2ZyIgeG1sbnM6eGxpbms9Imh0dHA6Ly93d3cudzMub3JnLzE5OTkveGxpbmsiIHdpZHRoPSI0OCIgaGVpZ2h0PSI0OCIgdmlld0JveD0iMCAwIDQ4IDQ4Ij4KPGcgaWQ9Imljb21vb24taWdub3JlIj4KCTxsaW5lIHN0cm9rZS13aWR0aD0iMSIgeDE9IiIgeTE9IiIgeDI9IiIgeTI9IiIgc3Ryb2tlPSIjNDQ5RkRCIiBvcGFjaXR5PSIiPjwvbGluZT4KPC9nPgoJPHBhdGggZD0iTTM4LjQ4IDkuMDcwYzAuMjQ4IDAgMC40NSAwLjIwMiAwLjQ1IDAuNDV2MjguOTU5YzAgMC4yNDgtMC4yMDIgMC40NS0wLjQ1IDAuNDVoLTI4Ljk1OWMtMC4yNDggMC0wLjQ1LTAuMjAyLTAuNDUtMC40NXYtMjguOTU5YzAtMC4yNDggMC4yMDItMC40NSAwLjQ1LTAuNDVoMjguOTU5ek0zOC40OCA4aC0yOC45NTljLTAuODQgMC0xLjUyIDAuNjgxLTEuNTIgMS41MjF2MjguOTU5YzAgMC44NCAwLjY4MSAxLjUyMSAxLjUyIDEuNTIxaDI4Ljk1OWMwLjg0IDAgMS41Mi0wLjY4MSAxLjUyLTEuNTIxdi0yOC45NTljMC0wLjg0LTAuNjgxLTEuNTIxLTEuNTItMS41MjF2MHoiIG9wYWNpdHk9IjEiIHZpc2liaWxpdHk9ImZhbHNlIiBmaWxsPSIjZDdkN2Q3Ij48L3BhdGg+Cgk8cGF0aCBkPSJNMTIuMjI4IDM1LjIyNHYtMy4zMjljMC0wLjE0NSAwLjA1OC0wLjI4NSAwLjE2LTAuMzg4bDUuNTg3LTUuNTg3YzAuMjE0LTAuMjE0IDAuNTYxLTAuMjE0IDAuNzc1IDBsMi4xMTkgMi4xMTljMC4yMTQgMC4yMTQgMC41NjEgMC4yMTQgMC43NzUgMGw4LjE5MS04LjE5MmMwLjIxNC0wLjIxNCAwLjU2MS0wLjIxNCAwLjc3NSAwbDUgNWMwLjEwMyAwLjEwMyAwLjE2IDAuMjQyIDAuMTYgMC4zODh2OS45ODhjMCAwLjMwMy0wLjI0NSAwLjU0OC0wLjU0OCAwLjU0OGgtMjIuNDQ3Yy0wLjMwMyAwLTAuNTQ4LTAuMjQ1LTAuNTQ4LTAuNTQ4eiIgb3BhY2l0eT0iMSIgdmlzaWJpbGl0eT0iZmFsc2UiIGZpbGw9IiNkN2Q3ZDciPjwvcGF0aD4KCTxwYXRoIGQ9Ik0yMS41NDQgMTcuOTY3YzAgMS45ODItMS42MDYgMy41ODgtMy41ODggMy41ODhzLTMuNTg4LTEuNjA2LTMuNTg4LTMuNTg4YzAtMS45ODEgMS42MDYtMy41ODggMy41ODgtMy41ODhzMy41ODggMS42MDYgMy41ODggMy41ODh6IiBvcGFjaXR5PSIxIiB2aXNpYmlsaXR5PSJmYWxzZSIgZmlsbD0iI2Q3ZDdkNyI+PC9wYXRoPgo8L3N2Zz4K" alt="Wahlburgers Gourmet Blend Angus Ground Beef Burgers - 4 ct Fresh 21.3 OZ PKG" class="product-grid-image object-contain product-grid-cell_main-image" skeleton-box-size="14rem"></div></a><div class="product-grid-cell_price-tag product-grid-cell_price-tag--full-tile"><div class="product-tile_detail"><div class="skeleton-loader_wrapper cursor-pointer"><!-- eslint-disable-next-line vuejs-accessibility/click-events-have-key-events --><div class="product-grid-cell_price-container product-grid-cell_price-container_column"><span class="sr-only">Wahlburgers Gourmet Blend Angus Ground Beef Burgers - 4 ct Fresh</span><span class="product-grid-cell_main-price product-grid-cell_main-price--on-sale"><span class="sr-only"> Sale Price </span> $9.99</span><div class="product-grid-cell_was-container"><span class="product-grid-cell_regular-price mb-1 product-grid-cell_regular-price--small"><span class="sr-only"> Original Price </span> $11.99</span></div></div><!--v-if--></div><!--v-if--></div><button class="product-tile_detail-title"><div class="skeleton-loader_wrapper"><div class="product-grid-cell_name"><a id="product-name-265273-17497327347120376" class="product-grid-cell_name-text product-grid-cell_name-text--small product-grid-cell_name-text--clamp-2" href="https://stopandshop.com/product/wahlburgers-gourmet-blend-angus-ground-beef-burgers-4-ct-fresh-21.3-oz-pkg/265273" data-opens-modal="true" aria-haspopup="dialog"><!--v-if--> Wahlburgers Gourmet Blend Angus Ground Beef Burgers - 4 ct Fresh</a></div><!--v-if--><!--v-if--></div><div class="skeleton-loader_wrapper"><!-- eslint-disable-next-line vuejs-accessibility/click-events-have-key-events --><div class="product-grid-cell_sizes"><span class="product-grid-cell_size">21.3 OZ PKG</span><span aria-hidden="true"> | </span><!--v-if--><span class="product-grid-cell_unit">$7.51 /LB</span></div><!--v-if--></div><!--v-if--></button><div class="product-grid-cell_promo-name"><!--v-if--><!--v-if--><!--v-if--><!--v-if--><!--v-if--></div><!--v-if--><!--v-if--><!--v-if--><!--v-if--><div class="margin-top--one"><!--v-if--><div class="pdl-add-to-cart" coupon-clipped="false"><div class="pdl-add-to-cart_button"><button class="button button--add-to-cart add-sale" aria-label="Add to cart" data-product-id="265273" data-price="9.99">Add to cart <!--v-if--></button><!--v-if--><!--v-if--><!-- Swap n Save --><!--v-if--></div><!--v-if--></div><!--v-if--><!--v-if--></div><!--v-if--></div></div><!-- MOBILE VIEW --><!--v-if--><!-- This is for xxsmall devices --><div class="mobile-product-list-cell_bottom m-4 hidden"><div class="mobile-product-list-cell_bottom_cart-ui-wrapper"><!--v-if--><div class="pdl-add-to-cart" coupon-clipped="false"><div class="pdl-add-to-cart_button"><button class="button button--add-to-cart add-sale" aria-label="Add to cart" data-product-id="265273" data-price="9.99">Add to cart <!--v-if--></button><!--v-if--><!--v-if--><!-- Swap n Save --><!--v-if--></div><!--v-if--></div><!--v-if--><!--v-if--></div><!--v-if--></div><div class="product-tile_action-items" is-typeahead="false"><!--v-if--><!--v-if--><div class="shopping-list-menu_container"><div class="relative-el"><button class="button pdl-product-detail_top-icon button--fourth pdl-product-detail_top-icon--borderless" aria-label="add to shopping list" page-view="browse aisles" title="On Sale in Meat"><!--v-if--><div class="vector-icon-size--large"><svg xmlns="http://www.w3.org/2000/svg" class="vector-icon-color--dark-grey" aria-label="Shopping List Icon Add" viewBox="0 0 32 32" role="presentation" aria-hidden="true" focusable="false"><title lang="en">Shopping List Icon Add</title><desc></desc><g fill="" stroke=""><g><path d="M21.94066,15.3368884 L21.94066,12.8931995 C21.94066,12.3409148 22.3883752,11.8931995 22.94066,11.8931995 C23.4929447,11.8931995 23.94066,12.3409148 23.94066,12.8931995 L23.94066,15.3368884 L26.2522624,15.3368884 C26.8045471,15.3368884 27.2522624,15.7846037 27.2522624,16.3368884 C27.2522624,16.8891732 26.8045471,17.3368884 26.2522624,17.3368884 L23.94066,17.3368884 L23.94066,19.8787952 C23.94066,20.43108 23.4929447,20.8787952 22.94066,20.8787952 C22.3883752,20.8787952 21.94066,20.43108 21.94066,19.8787952 L21.94066,17.3368884 L19.2666667,17.3368884 C18.7143819,17.3368884 18.2666667,16.8891732 18.2666667,16.3368884 C18.2666667,15.7846037 18.7143819,15.3368884 19.2666667,15.3368884 L21.94066,15.3368884 Z M8,12 C7.44771525,12 7,11.5522847 7,11 C7,10.4477153 7.44771525,10 8,10 L19.1153581,10 C19.6676429,10 20.1153581,10.4477153 20.1153581,11 C20.1153581,11.5522847 19.6676429,12 19.1153581,12 L8,12 Z M8,17.3368884 C7.44771525,17.3368884 7,16.8891732 7,16.3368884 C7,15.7846037 7.44771525,15.3368884 8,15.3368884 L14.7200696,15.3368884 C15.2723543,15.3368884 15.7200696,15.7846037 15.7200696,16.3368884 C15.7200696,16.8891732 15.2723543,17.3368884 14.7200696,17.3368884 L8,17.3368884 Z M8,23 C7.44771525,23 7,22.5522847 7,22 C7,21.4477153 7.44771525,21 8,21 L19.1153581,21 C19.6676429,21 20.1153581,21.4477153 20.1153581,22 C20.1153581,22.5522847 19.6676429,23 19.1153581,23 L8,23 Z" fill="#000000" fill-rule="nonzero"></path></g></g></svg></div><div class="pdl-product-detail_list-tooltip"><p class="no-wrap">Sign in to add to shopping list</p><em></em></div></button></div></div></div><!--v-if--></li><!-- eslint-disable vuejs-accessibility/mouse-events-have-key-events --><li tabindex="-1" data-product-id="281187" class="tile product-cell product-grid-cell mb-0"><!--v-if--><!--v-if--><!--v-if--><div class="product-tile_content"><div class="flag_outer-container"><div class=""><svg xmlns="http://www.w3.org/2000/svg" class="w-20 ml-3" aria-label="Sale" viewBox="0 0 32 32" role="presentation" aria-hidden="true" focusable="false"><title lang="en">Sale</title><desc></desc><g fill="" stroke=""><g><path d="M16.56 19.87a3.81 3.81 0 0 1-1-.13l-13.39-3.5a1.5 1.5 0 0 1-1.12-1.34l-.81-11a1.52 1.52 0 0 1 1.39-1.61l27.69-2h.11a1.51 1.51 0 0 1 1.5 1.4l.82 11a1.52 1.52 0 0 1-.91 1.5l-12.72 5.36a3.79 3.79 0 0 1-1.56.32Z" fill="#ed1256"></path><path fill="#fff" d="M29.43.48a1.26 1.26 0 0 1 1.26 1.17l.82 11a1.27 1.27 0 0 1-.76 1.26L18 19.34a3.72 3.72 0 0 1-1.47.3 3.79 3.79 0 0 1-.94-.12L2.24 16a1.27 1.27 0 0 1-1-1.13l-.81-11a1.26 1.26 0 0 1 1.22-1.33L29.34.48h.09m0-.48h-.13L1.62 2A1.76 1.76 0 0 0 0 3.92l.82 11a1.73 1.73 0 0 0 1.3 1.55L15.5 20a4.3 4.3 0 0 0 1.07.14 4.24 4.24 0 0 0 1.65-.34l12.72-5.44A1.76 1.76 0 0 0 32 12.59l-.82-11A1.76 1.76 0 0 0 29.43 0Z"></path><path fill="#fff" d="M3.74 9.87a3 3 0 0 0 .82.55 2.21 2.21 0 0 0 1.08.19 1.6 1.6 0 0 0 .29 0 1 1 0 0 0 .26-.12.58.58 0 0 0 .18-.2.62.62 0 0 0 0-.31.59.59 0 0 0-.32-.49 3.38 3.38 0 0 0-.85-.34L4.84 9a4.19 4.19 0 0 1-.69-.26 2.44 2.44 0 0 1-.63-.41 1.92 1.92 0 0 1-.7-1.42 2.68 2.68 0 0 1 .1-1A2.2 2.2 0 0 1 3.39 5a2.42 2.42 0 0 1 .82-.6 3.15 3.15 0 0 1 1.17-.28 3.68 3.68 0 0 1 1.72.24 3 3 0 0 1 .57.29A2.66 2.66 0 0 1 8 5l-.82 1.37a4.42 4.42 0 0 0-.82-.45 2 2 0 0 0-.85-.13 1.4 1.4 0 0 0-.28.06A.9.9 0 0 0 5 6a.62.62 0 0 0-.16.2.5.5 0 0 0 0 .28.6.6 0 0 0 .1.31.68.68 0 0 0 .24.2 1.27 1.27 0 0 0 .35.15l.43.13.35.09a7.49 7.49 0 0 1 .69.22 2.2 2.2 0 0 1 .72.42 2.46 2.46 0 0 1 .54.68 2.31 2.31 0 0 1 .27 1 2.15 2.15 0 0 1-.15 1 2.53 2.53 0 0 1-.56.84 2.77 2.77 0 0 1-.88.59 4 4 0 0 1-1.11.27A4.67 4.67 0 0 1 4 12.25a3.79 3.79 0 0 1-1.28-.75ZM11.29 3.89l2.17-.16 3.1 7.7-2 .15L14 10l-2.39.18-.35 1.67-2 .14Zm2.15 4.6-1-2.84-.61 2.95ZM17 3.47l1.89-.14.44 6 3.3-.25.16 1.92-5.19.39ZM23.36 3l5.13-.38.13 1.8-3.24.24.09 1.22 2.66-.2.12 1.7-2.65.2.09 1.35 3.46-.26.13 1.81-5.34.4Z"></path></g></g></svg></div><!--v-if--><!--v-if--><!--v-if--><!--v-if--></div><a href="https://stopandshop.com/product/jimmy-dean-premium-hickory-smoked-bacon-sliced-12-oz-pkg/281187" aria-hidden="true" tabindex="-1"><div><!--v-if--><img src="data:image/svg+xml;base64,PD94bWwgdmVyc2lvbj0iMS4wIiBlbmNvZGluZz0idXRmLTgiPz4KPCEtLSBHZW5lcmF0ZWQgYnkgSWNvTW9vbi5pbyAtLT4KPCFET0NUWVBFIHN2ZyBQVUJMSUMgIi0vL1czQy8vRFREIFNWRyAxLjEvL0VOIiAiaHR0cDovL3d3dy53My5vcmcvR3JhcGhpY3MvU1ZHLzEuMS9EVEQvc3ZnMTEuZHRkIj4KPHN2ZyB2ZXJzaW9uPSIxLjEiIHhtbG5zPSJodHRwOi8vd3d3LnczLm9yZy8yMDAwL3N2ZyIgeG1sbnM6eGxpbms9Imh0dHA6Ly93d3cudzMub3JnLzE5OTkveGxpbmsiIHdpZHRoPSI0OCIgaGVpZ2h0PSI0OCIgdmlld0JveD0iMCAwIDQ4IDQ4Ij4KPGcgaWQ9Imljb21vb24taWdub3JlIj4KCTxsaW5lIHN0cm9rZS13aWR0aD0iMSIgeDE9IiIgeTE9IiIgeDI9IiIgeTI9IiIgc3Ryb2tlPSIjNDQ5RkRCIiBvcGFjaXR5PSIiPjwvbGluZT4KPC9nPgoJPHBhdGggZD0iTTM4LjQ4IDkuMDcwYzAuMjQ4IDAgMC40NSAwLjIwMiAwLjQ1IDAuNDV2MjguOTU5YzAgMC4yNDgtMC4yMDIgMC40NS0wLjQ1IDAuNDVoLTI4Ljk1OWMtMC4yNDggMC0wLjQ1LTAuMjAyLTAuNDUtMC40NXYtMjguOTU5YzAtMC4yNDggMC4yMDItMC40NSAwLjQ1LTAuNDVoMjguOTU5ek0zOC40OCA4aC0yOC45NTljLTAuODQgMC0xLjUyIDAuNjgxLTEuNTIgMS41MjF2MjguOTU5YzAgMC44NCAwLjY4MSAxLjUyMSAxLjUyIDEuNTIxaDI4Ljk1OWMwLjg0IDAgMS41Mi0wLjY4MSAxLjUyLTEuNTIxdi0yOC45NTljMC0wLjg0LTAuNjgxLTEuNTIxLTEuNTItMS41MjF2MHoiIG9wYWNpdHk9IjEiIHZpc2liaWxpdHk9ImZhbHNlIiBmaWxsPSIjZDdkN2Q3Ij48L3BhdGg+Cgk8cGF0aCBkPSJNMTIuMjI4IDM1LjIyNHYtMy4zMjljMC0wLjE0NSAwLjA1OC0wLjI4NSAwLjE2LTAuMzg4bDUuNTg3LTUuNTg3YzAuMjE0LTAuMjE0IDAuNTYxLTAuMjE0IDAuNzc1IDBsMi4xMTkgMi4xMTljMC4yMTQgMC4yMTQgMC41NjEgMC4yMTQgMC43NzUgMGw4LjE5MS04LjE5MmMwLjIxNC0wLjIxNCAwLjU2MS0wLjIxNCAwLjc3NSAwbDUgNWMwLjEwMyAwLjEwMyAwLjE2IDAuMjQyIDAuMTYgMC4zODh2OS45ODhjMCAwLjMwMy0wLjI0NSAwLjU0OC0wLjU0OCAwLjU0OGgtMjIuNDQ3Yy0wLjMwMyAwLTAuNTQ4LTAuMjQ1LTAuNTQ4LTAuNTQ4eiIgb3BhY2l0eT0iMSIgdmlzaWJpbGl0eT0iZmFsc2UiIGZpbGw9IiNkN2Q3ZDciPjwvcGF0aD4KCTxwYXRoIGQ9Ik0yMS41NDQgMTcuOTY3YzAgMS45ODItMS42MDYgMy41ODgtMy41ODggMy41ODhzLTMuNTg4LTEuNjA2LTMuNTg4LTMuNTg4YzAtMS45ODEgMS42MDYtMy41ODggMy41ODgtMy41ODhzMy41ODggMS42MDYgMy41ODggMy41ODh6IiBvcGFjaXR5PSIxIiB2aXNpYmlsaXR5PSJmYWxzZSIgZmlsbD0iI2Q3ZDdkNyI+PC9wYXRoPgo8L3N2Zz4K" alt="Jimmy Dean Premium Hickory Smoked Bacon Sliced 12 OZ PKG" class="product-grid-image object-contain product-grid-cell_main-image" skeleton-box-size="14rem"></div></a><div class="product-grid-cell_price-tag product-grid-cell_price-tag--full-tile"><div class="product-tile_detail"><div class="skeleton-loader_wrapper cursor-pointer"><!-- eslint-disable-next-line vuejs-accessibility/click-events-have-key-events --><div class="product-grid-cell_price-container product-grid-cell_price-container_column"><span class="sr-only">Jimmy Dean Premium Hickory Smoked Bacon Sliced</span><span class="product-grid-cell_main-price product-grid-cell_main-price--on-sale"><span class="sr-only"> Sale Price </span> $3.99</span><div class="product-grid-cell_was-container"><span class="product-grid-cell_regular-price mb-1 product-grid-cell_regular-price--small"><span class="sr-only"> Original Price </span> $5.79</span></div></div><!--v-if--></div><!--v-if--></div><button class="product-tile_detail-title"><div class="skeleton-loader_wrapper"><div class="product-grid-cell_name"><a id="product-name-281187-17497327347130574" class="product-grid-cell_name-text product-grid-cell_name-text--small product-grid-cell_name-text--clamp-2" href="https://stopandshop.com/product/jimmy-dean-premium-hickory-smoked-bacon-sliced-12-oz-pkg/281187" data-opens-modal="true" aria-haspopup="dialog"><!--v-if--> Jimmy Dean Premium Hickory Smoked Bacon Sliced</a></div><!--v-if--><!--v-if--></div><div class="skeleton-loader_wrapper"><!-- eslint-disable-next-line vuejs-accessibility/click-events-have-key-events --><div class="product-grid-cell_sizes"><span class="product-grid-cell_size">12 OZ PKG</span><span aria-hidden="true"> | </span><!--v-if--><span class="product-grid-cell_unit">$5.32 /LB</span></div><!--v-if--></div><!--v-if--></button><div class="product-grid-cell_promo-name"><!--v-if--><!--v-if--><!--v-if--><!--v-if--><!--v-if--></div><!--v-if--><!--v-if--><!--v-if--><!--v-if--><div class="margin-top--one"><!--v-if--><div class="pdl-add-to-cart" coupon-clipped="false"><div class="pdl-add-to-cart_button"><button class="button button--add-to-cart add-sale" aria-label="Add to cart" data-product-id="281187" data-price="3.99">Add to cart <!--v-if--></button><!--v-if--><!--v-if--><!-- Swap n Save --><!--v-if--></div><!--v-if--></div><!--v-if--><!--v-if--></div><!--v-if--></div></div><!-- MOBILE VIEW --><!--v-if--><!-- This is for xxsmall devices --><div class="mobile-product-list-cell_bottom m-4 hidden"><div class="mobile-product-list-cell_bottom_cart-ui-wrapper"><!--v-if--><div class="pdl-add-to-cart" coupon-clipped="false"><div class="pdl-add-to-cart_button"><button class="button button--add-to-cart add-sale" aria-label="Add to cart" data-product-id="281187" data-price="3.99">Add to cart <!--v-if--></button><!--v-if--><!--v-if--><!-- Swap n Save --><!--v-if--></div><!--v-if--></div><!--v-if--><!--v-if--></div><!--v-if--></div><div class="product-tile_action-items" is-typeahead="false"><!--v-if--><!--v-if--><div class="shopping-list-menu_container"><div class="relative-el"><button class="button pdl-product-detail_top-icon button--fourth pdl-product-detail_top-icon--borderless" aria-label="add to shopping list" page-view="browse aisles" title="On Sale in Meat"><!--v-if--><div class="vector-icon-size--large"><svg xmlns="http://www.w3.org/2000/svg" class="vector-icon-color--dark-grey" aria-label="Shopping List Icon Add" viewBox="0 0 32 32" role="presentation" aria-hidden="true" focusable="false"><title lang="en">Shopping List Icon Add</title><desc></desc><g fill="" stroke=""><g><path d="M21.94066,15.3368884 L21.94066,12.8931995 C21.94066,12.3409148 22.3883752,11.8931995 22.94066,11.8931995 C23.4929447,11.8931995 23.94066,12.3409148 23.94066,12.8931995 L23.94066,15.3368884 L26.2522624,15.3368884 C26.8045471,15.3368884 27.2522624,15.7846037 27.2522624,16.3368884 C27.2522624,16.8891732 26.8045471,17.3368884 26.2522624,17.3368884 L23.94066,17.3368884 L23.94066,19.8787952 C23.94066,20.43108 23.4929447,20.8787952 22.94066,20.8787952 C22.3883752,20.8787952 21.94066,20.43108 21.94066,19.8787952 L21.94066,17.3368884 L19.2666667,17.3368884 C18.7143819,17.3368884 18.2666667,16.8891732 18.2666667,16.3368884 C18.2666667,15.7846037 18.7143819,15.3368884 19.2666667,15.3368884 L21.94066,15.3368884 Z M8,12 C7.44771525,12 7,11.5522847 7,11 C7,10.4477153 7.44771525,10 8,10 L19.1153581,10 C19.6676429,10 20.1153581,10.4477153 20.1153581,11 C20.1153581,11.5522847 19.6676429,12 19.1153581,12 L8,12 Z M8,17.3368884 C7.44771525,17.3368884 7,16.8891732 7,16.3368884 C7,15.7846037 7.44771525,15.3368884 8,15.3368884 L14.7200696,15.3368884 C15.2723543,15.3368884 15.7200696,15.7846037 15.7200696,16.3368884 C15.7200696,16.8891732 15.2723543,17.3368884 14.7200696,17.3368884 L8,17.3368884 Z M8,23 C7.44771525,23 7,22.5522847 7,22 C7,21.4477153 7.44771525,21 8,21 L19.1153581,21 C19.6676429,21 20.1153581,21.4477153 20.1153581,22 C20.1153581,22.5522847 19.6676429,23 19.1153581,23 L8,23 Z" fill="#000000" fill-rule="nonzero"></path></g></g></svg></div><div class="pdl-product-detail_list-tooltip"><p class="no-wrap">Sign in to add to shopping list</p><em></em></div></button></div></div></div><!--v-if--></li><!-- eslint-disable vuejs-accessibility/mouse-events-have-key-events --><li tabindex="-1" data-product-id="350043" class="tile product-cell product-grid-cell mb-0"><!--v-if--><!--v-if--><!--v-if--><div class="product-tile_content"><div class="flag_outer-container"><div class=""><svg xmlns="http://www.w3.org/2000/svg" class="w-20 ml-3" aria-label="Sale" viewBox="0 0 32 32" role="presentation" aria-hidden="true" focusable="false"><title lang="en">Sale</title><desc></desc><g fill="" stroke=""><g><path d="M16.56 19.87a3.81 3.81 0 0 1-1-.13l-13.39-3.5a1.5 1.5 0 0 1-1.12-1.34l-.81-11a1.52 1.52 0 0 1 1.39-1.61l27.69-2h.11a1.51 1.51 0 0 1 1.5 1.4l.82 11a1.52 1.52 0 0 1-.91 1.5l-12.72 5.36a3.79 3.79 0 0 1-1.56.32Z" fill="#ed1256"></path><path fill="#fff" d="M29.43.48a1.26 1.26 0 0 1 1.26 1.17l.82 11a1.27 1.27 0 0 1-.76 1.26L18 19.34a3.72 3.72 0 0 1-1.47.3 3.79 3.79 0 0 1-.94-.12L2.24 16a1.27 1.27 0 0 1-1-1.13l-.81-11a1.26 1.26 0 0 1 1.22-1.33L29.34.48h.09m0-.48h-.13L1.62 2A1.76 1.76 0 0 0 0 3.92l.82 11a1.73 1.73 0 0 0 1.3 1.55L15.5 20a4.3 4.3 0 0 0 1.07.14 4.24 4.24 0 0 0 1.65-.34l12.72-5.44A1.76 1.76 0 0 0 32 12.59l-.82-11A1.76 1.76 0 0 0 29.43 0Z"></path><path fill="#fff" d="M3.74 9.87a3 3 0 0 0 .82.55 2.21 2.21 0 0 0 1.08.19 1.6 1.6 0 0 0 .29 0 1 1 0 0 0 .26-.12.58.58 0 0 0 .18-.2.62.62 0 0 0 0-.31.59.59 0 0 0-.32-.49 3.38 3.38 0 0 0-.85-.34L4.84 9a4.19 4.19 0 0 1-.69-.26 2.44 2.44 0 0 1-.63-.41 1.92 1.92 0 0 1-.7-1.42 2.68 2.68 0 0 1 .1-1A2.2 2.2 0 0 1 3.39 5a2.42 2.42 0 0 1 .82-.6 3.15 3.15 0 0 1 1.17-.28 3.68 3.68 0 0 1 1.72.24 3 3 0 0 1 .57.29A2.66 2.66 0 0 1 8 5l-.82 1.37a4.42 4.42 0 0 0-.82-.45 2 2 0 0 0-.85-.13 1.4 1.4 0 0 0-.28.06A.9.9 0 0 0 5 6a.62.62 0 0 0-.16.2.5.5 0 0 0 0 .28.6.6 0 0 0 .1.31.68.68 0 0 0 .24.2 1.27 1.27 0 0 0 .35.15l.43.13.35.09a7.49 7.49 0 0 1 .69.22 2.2 2.2 0 0 1 .72.42 2.46 2.46 0 0 1 .54.68 2.31 2.31 0 0 1 .27 1 2.15 2.15 0 0 1-.15 1 2.53 2.53 0 0 1-.56.84 2.77 2.77 0 0 1-.88.59 4 4 0 0 1-1.11.27A4.67 4.67 0 0 1 4 12.25a3.79 3.79 0 0 1-1.28-.75ZM11.29 3.89l2.17-.16 3.1 7.7-2 .15L14 10l-2.39.18-.35 1.67-2 .14Zm2.15 4.6-1-2.84-.61 2.95ZM17 3.47l1.89-.14.44 6 3.3-.25.16 1.92-5.19.39ZM23.36 3l5.13-.38.13 1.8-3.24.24.09 1.22 2.66-.2.12 1.7-2.65.2.09 1.35 3.46-.26.13 1.81-5.34.4Z"></path></g></g></svg></div><!--v-if--><!--v-if--><!--v-if--><!--v-if--></div><a href="https://stopandshop.com/product/bell-evans-air-chilled-natural-chicken-thighs-4-ct-fresh-apx-1.5-lb/350043" aria-hidden="true" tabindex="-1"><div><!--v-if--><img src="data:image/svg+xml;base64,PD94bWwgdmVyc2lvbj0iMS4wIiBlbmNvZGluZz0idXRmLTgiPz4KPCEtLSBHZW5lcmF0ZWQgYnkgSWNvTW9vbi5pbyAtLT4KPCFET0NUWVBFIHN2ZyBQVUJMSUMgIi0vL1czQy8vRFREIFNWRyAxLjEvL0VOIiAiaHR0cDovL3d3dy53My5vcmcvR3JhcGhpY3MvU1ZHLzEuMS9EVEQvc3ZnMTEuZHRkIj4KPHN2ZyB2ZXJzaW9uPSIxLjEiIHhtbG5zPSJodHRwOi8vd3d3LnczLm9yZy8yMDAwL3N2ZyIgeG1sbnM6eGxpbms9Imh0dHA6Ly93d3cudzMub3JnLzE5OTkveGxpbmsiIHdpZHRoPSI0OCIgaGVpZ2h0PSI0OCIgdmlld0JveD0iMCAwIDQ4IDQ4Ij4KPGcgaWQ9Imljb21vb24taWdub3JlIj4KCTxsaW5lIHN0cm9rZS13aWR0aD0iMSIgeDE9IiIgeTE9IiIgeDI9IiIgeTI9IiIgc3Ryb2tlPSIjNDQ5RkRCIiBvcGFjaXR5PSIiPjwvbGluZT4KPC9nPgoJPHBhdGggZD0iTTM4LjQ4IDkuMDcwYzAuMjQ4IDAgMC40NSAwLjIwMiAwLjQ1IDAuNDV2MjguOTU5YzAgMC4yNDgtMC4yMDIgMC40NS0wLjQ1IDAuNDVoLTI4Ljk1OWMtMC4yNDggMC0wLjQ1LTAuMjAyLTAuNDUtMC40NXYtMjguOTU5YzAtMC4yNDggMC4yMDItMC40NSAwLjQ1LTAuNDVoMjguOTU5ek0zOC40OCA4aC0yOC45NTljLTAuODQgMC0xLjUyIDAuNjgxLTEuNTIgMS41MjF2MjguOTU5YzAgMC44NCAwLjY4MSAxLjUyMSAxLjUyIDEuNTIxaDI4Ljk1OWMwLjg0IDAgMS41Mi0wLjY4MSAxLjUyLTEuNTIxdi0yOC45NTljMC0wLjg0LTAuNjgxLTEuNTIxLTEuNTItMS41MjF2MHoiIG9wYWNpdHk9IjEiIHZpc2liaWxpdHk9ImZhbHNlIiBmaWxsPSIjZDdkN2Q3Ij48L3BhdGg+Cgk8cGF0aCBkPSJNMTIuMjI4IDM1LjIyNHYtMy4zMjljMC0wLjE0NSAwLjA1OC0wLjI4NSAwLjE2LTAuMzg4bDUuNTg3LTUuNTg3YzAuMjE0LTAuMjE0IDAuNTYxLTAuMjE0IDAuNzc1IDBsMi4xMTkgMi4xMTljMC4yMTQgMC4yMTQgMC41NjEgMC4yMTQgMC43NzUgMGw4LjE5MS04LjE5MmMwLjIxNC0wLjIxNCAwLjU2MS0wLjIxNCAwLjc3NSAwbDUgNWMwLjEwMyAwLjEwMyAwLjE2IDAuMjQyIDAuMTYgMC4zODh2OS45ODhjMCAwLjMwMy0wLjI0NSAwLjU0OC0wLjU0OCAwLjU0OGgtMjIuNDQ3Yy0wLjMwMyAwLTAuNTQ4LTAuMjQ1LTAuNTQ4LTAuNTQ4eiIgb3BhY2l0eT0iMSIgdmlzaWJpbGl0eT0iZmFsc2UiIGZpbGw9IiNkN2Q3ZDciPjwvcGF0aD4KCTxwYXRoIGQ9Ik0yMS41NDQgMTcuOTY3YzAgMS45ODItMS42MDYgMy41ODgtMy41ODggMy41ODhzLTMuNTg4LTEuNjA2LTMuNTg4LTMuNTg4YzAtMS45ODEgMS42MDYtMy41ODggMy41ODgtMy41ODhzMy41ODggMS42MDYgMy41ODggMy41ODh6IiBvcGFjaXR5PSIxIiB2aXNpYmlsaXR5PSJmYWxzZSIgZmlsbD0iI2Q3ZDdkNyI+PC9wYXRoPgo8L3N2Zz4K" alt="Bell &amp; Evans Air Chilled Natural Chicken Thighs - 4 ct Fresh APX 1.5 LB" class="product-grid-image object-contain product-grid-cell_main-image" skeleton-box-size="14rem"></div></a><div class="product-grid-cell_price-tag product-grid-cell_price-tag--full-tile"><div class="product-tile_detail"><div class="skeleton-loader_wrapper cursor-pointer"><!-- eslint-disable-next-line vuejs-accessibility/click-events-have-key-events --><div class="product-grid-cell_price-container product-grid-cell_price-container_column"><span class="sr-only">Bell &amp; Evans Air Chilled Natural Chicken Thighs - 4 ct Fresh</span><span class="product-grid-cell_main-price product-grid-cell_main-price--on-sale"><span class="sr-only"> Sale Price </span> $3.74</span><div class="product-grid-cell_was-container"><span class="product-grid-cell_regular-price mb-1 product-grid-cell_regular-price--small"><span class="sr-only"> Original Price </span> $5.99</span></div></div><!--v-if--></div><!--v-if--></div><button class="product-tile_detail-title"><div class="skeleton-loader_wrapper"><div class="product-grid-cell_name"><a id="product-name-350043-17497327347152992" class="product-grid-cell_name-text product-grid-cell_name-text--small product-grid-cell_name-text--clamp-2" href="https://stopandshop.com/product/bell-evans-air-chilled-natural-chicken-thighs-4-ct-fresh-apx-1.5-lb/350043" data-opens-modal="true" aria-haspopup="dialog"><!--v-if--> Bell &amp; Evans Air Chilled Natural Chicken Thighs - 4 ct Fresh</a></div><!--v-if--><!--v-if--></div><div class="skeleton-loader_wrapper"><!-- eslint-disable-next-line vuejs-accessibility/click-events-have-key-events --><div class="product-grid-cell_sizes"><span class="product-grid-cell_size">APX 1.5 LB</span><span aria-hidden="true"> | </span><!--v-if--><span class="product-grid-cell_unit">$2.49 /LB</span></div><!--v-if--></div><!--v-if--></button><div class="product-grid-cell_promo-name"><!--v-if--><!--v-if--><!--v-if--><!--v-if--><!--v-if--></div><!--v-if--><!--v-if--><!--v-if--><!--v-if--><div class="margin-top--one"><!--v-if--><div class="pdl-add-to-cart" coupon-clipped="false"><div class="pdl-add-to-cart_button"><button class="button button--add-to-cart add-sale" aria-label="Add to cart" data-product-id="350043" data-price="3.74">Add to cart <!--v-if--></button><!--v-if--><!--v-if--><!-- Swap n Save --><!--v-if--></div><!--v-if--></div><!--v-if--><!--v-if--></div><!--v-if--></div></div><!-- MOBILE VIEW --><!--v-if--><!-- This is for xxsmall devices --><div class="mobile-product-list-cell_bottom m-4 hidden"><div class="mobile-product-list-cell_bottom_cart-ui-wrapper"><!--v-if--><div class="pdl-add-to-cart" coupon-clipped="false"><div class="pdl-add-to-cart_button"><button class="button button--add-to-cart add-sale" aria-label="Add to cart" data-product-id="350043" data-price="3.74">Add to cart <!--v-if--></button><!--v-if--><!--v-if--><!-- Swap n Save --><!--v-if--></div><!--v-if--></div><!--v-if--><!--v-if--></div><!--v-if--></div><div class="product-tile_action-items" is-typeahead="false"><!--v-if--><!--v-if--><div class="shopping-list-menu_container"><div class="relative-el"><button class="button pdl-product-detail_top-icon button--fourth pdl-product-detail_top-icon--borderless" aria-label="add to shopping list" page-view="browse aisles" title="On Sale in Meat"><!--v-if--><div class="vector-icon-size--large"><svg xmlns="http://www.w3.org/2000/svg" class="vector-icon-color--dark-grey" aria-label="Shopping List Icon Add" viewBox="0 0 32 32" role="presentation" aria-hidden="true" focusable="false"><title lang="en">Shopping List Icon Add</title><desc></desc><g fill="" stroke=""><g><path d="M21.94066,15.3368884 L21.94066,12.8931995 C21.94066,12.3409148 22.3883752,11.8931995 22.94066,11.8931995 C23.4929447,11.8931995 23.94066,12.3409148 23.94066,12.8931995 L23.94066,15.3368884 L26.2522624,15.3368884 C26.8045471,15.3368884 27.2522624,15.7846037 27.2522624,16.3368884 C27.2522624,16.8891732 26.8045471,17.3368884 26.2522624,17.3368884 L23.94066,17.3368884 L23.94066,19.8787952 C23.94066,20.43108 23.4929447,20.8787952 22.94066,20.8787952 C22.3883752,20.8787952 21.94066,20.43108 21.94066,19.8787952 L21.94066,17.3368884 L19.2666667,17.3368884 C18.7143819,17.3368884 18.2666667,16.8891732 18.2666667,16.3368884 C18.2666667,15.7846037 18.7143819,15.3368884 19.2666667,15.3368884 L21.94066,15.3368884 Z M8,12 C7.44771525,12 7,11.5522847 7,11 C7,10.4477153 7.44771525,10 8,10 L19.1153581,10 C19.6676429,10 20.1153581,10.4477153 20.1153581,11 C20.1153581,11.5522847 19.6676429,12 19.1153581,12 L8,12 Z M8,17.3368884 C7.44771525,17.3368884 7,16.8891732 7,16.3368884 C7,15.7846037 7.44771525,15.3368884 8,15.3368884 L14.7200696,15.3368884 C15.2723543,15.3368884 15.7200696,15.7846037 15.7200696,16.3368884 C15.7200696,16.8891732 15.2723543,17.3368884 14.7200696,17.3368884 L8,17.3368884 Z M8,23 C7.44771525,23 7,22.5522847 7,22 C7,21.4477153 7.44771525,21 8,21 L19.1153581,21 C19.6676429,21 20.1153581,21.4477153 20.1153581,22 C20.1153581,22.5522847 19.6676429,23 19.1153581,23 L8,23 Z" fill="#000000" fill-rule="nonzero"></path></g></g></svg></div><div class="pdl-product-detail_list-tooltip"><p class="no-wrap">Sign in to add to shopping list</p><em></em></div></button></div></div></div><!--v-if--></li><!--v-if--></ul><!--v-if--><!--v-if--><!--v-if--><!--v-if--></div><div tabindex="-1" class="pdl-carousel_item zone-block_carousel-item" style="height: auto; width: 697px;"><ul class="product-list product-list-triple pt-0 pdl-carousel_content" islastslide="true" itemcountpriorslide="[object Object]" index="8" style="height: auto;"><!-- eslint-disable vuejs-accessibility/mouse-events-have-key-events --><li tabindex="-1" data-product-id="157258" class="tile product-cell product-grid-cell mb-0"><!--v-if--><!--v-if--><!--v-if--><div class="product-tile_content"><div class="flag_outer-container"><div class=""><svg xmlns="http://www.w3.org/2000/svg" class="w-20 ml-3" aria-label="Sale" viewBox="0 0 32 32" role="presentation" aria-hidden="true" focusable="false"><title lang="en">Sale</title><desc></desc><g fill="" stroke=""><g><path d="M16.56 19.87a3.81 3.81 0 0 1-1-.13l-13.39-3.5a1.5 1.5 0 0 1-1.12-1.34l-.81-11a1.52 1.52 0 0 1 1.39-1.61l27.69-2h.11a1.51 1.51 0 0 1 1.5 1.4l.82 11a1.52 1.52 0 0 1-.91 1.5l-12.72 5.36a3.79 3.79 0 0 1-1.56.32Z" fill="#ed1256"></path><path fill="#fff" d="M29.43.48a1.26 1.26 0 0 1 1.26 1.17l.82 11a1.27 1.27 0 0 1-.76 1.26L18 19.34a3.72 3.72 0 0 1-1.47.3 3.79 3.79 0 0 1-.94-.12L2.24 16a1.27 1.27 0 0 1-1-1.13l-.81-11a1.26 1.26 0 0 1 1.22-1.33L29.34.48h.09m0-.48h-.13L1.62 2A1.76 1.76 0 0 0 0 3.92l.82 11a1.73 1.73 0 0 0 1.3 1.55L15.5 20a4.3 4.3 0 0 0 1.07.14 4.24 4.24 0 0 0 1.65-.34l12.72-5.44A1.76 1.76 0 0 0 32 12.59l-.82-11A1.76 1.76 0 0 0 29.43 0Z"></path><path fill="#fff" d="M3.74 9.87a3 3 0 0 0 .82.55 2.21 2.21 0 0 0 1.08.19 1.6 1.6 0 0 0 .29 0 1 1 0 0 0 .26-.12.58.58 0 0 0 .18-.2.62.62 0 0 0 0-.31.59.59 0 0 0-.32-.49 3.38 3.38 0 0 0-.85-.34L4.84 9a4.19 4.19 0 0 1-.69-.26 2.44 2.44 0 0 1-.63-.41 1.92 1.92 0 0 1-.7-1.42 2.68 2.68 0 0 1 .1-1A2.2 2.2 0 0 1 3.39 5a2.42 2.42 0 0 1 .82-.6 3.15 3.15 0 0 1 1.17-.28 3.68 3.68 0 0 1 1.72.24 3 3 0 0 1 .57.29A2.66 2.66 0 0 1 8 5l-.82 1.37a4.42 4.42 0 0 0-.82-.45 2 2 0 0 0-.85-.13 1.4 1.4 0 0 0-.28.06A.9.9 0 0 0 5 6a.62.62 0 0 0-.16.2.5.5 0 0 0 0 .28.6.6 0 0 0 .1.31.68.68 0 0 0 .24.2 1.27 1.27 0 0 0 .35.15l.43.13.35.09a7.49 7.49 0 0 1 .69.22 2.2 2.2 0 0 1 .72.42 2.46 2.46 0 0 1 .54.68 2.31 2.31 0 0 1 .27 1 2.15 2.15 0 0 1-.15 1 2.53 2.53 0 0 1-.56.84 2.77 2.77 0 0 1-.88.59 4 4 0 0 1-1.11.27A4.67 4.67 0 0 1 4 12.25a3.79 3.79 0 0 1-1.28-.75ZM11.29 3.89l2.17-.16 3.1 7.7-2 .15L14 10l-2.39.18-.35 1.67-2 .14Zm2.15 4.6-1-2.84-.61 2.95ZM17 3.47l1.89-.14.44 6 3.3-.25.16 1.92-5.19.39ZM23.36 3l5.13-.38.13 1.8-3.24.24.09 1.22 2.66-.2.12 1.7-2.65.2.09 1.35 3.46-.26.13 1.81-5.34.4Z"></path></g></g></svg></div><!--v-if--><!--v-if--><!--v-if--><!--v-if--></div><a href="https://stopandshop.com/product/hatfield-fully-cooked-boneless-hardwood-smoked-ham-steak-8-oz-pkg/157258" aria-hidden="true" tabindex="-1"><div><!--v-if--><img src="data:image/svg+xml;base64,PD94bWwgdmVyc2lvbj0iMS4wIiBlbmNvZGluZz0idXRmLTgiPz4KPCEtLSBHZW5lcmF0ZWQgYnkgSWNvTW9vbi5pbyAtLT4KPCFET0NUWVBFIHN2ZyBQVUJMSUMgIi0vL1czQy8vRFREIFNWRyAxLjEvL0VOIiAiaHR0cDovL3d3dy53My5vcmcvR3JhcGhpY3MvU1ZHLzEuMS9EVEQvc3ZnMTEuZHRkIj4KPHN2ZyB2ZXJzaW9uPSIxLjEiIHhtbG5zPSJodHRwOi8vd3d3LnczLm9yZy8yMDAwL3N2ZyIgeG1sbnM6eGxpbms9Imh0dHA6Ly93d3cudzMub3JnLzE5OTkveGxpbmsiIHdpZHRoPSI0OCIgaGVpZ2h0PSI0OCIgdmlld0JveD0iMCAwIDQ4IDQ4Ij4KPGcgaWQ9Imljb21vb24taWdub3JlIj4KCTxsaW5lIHN0cm9rZS13aWR0aD0iMSIgeDE9IiIgeTE9IiIgeDI9IiIgeTI9IiIgc3Ryb2tlPSIjNDQ5RkRCIiBvcGFjaXR5PSIiPjwvbGluZT4KPC9nPgoJPHBhdGggZD0iTTM4LjQ4IDkuMDcwYzAuMjQ4IDAgMC40NSAwLjIwMiAwLjQ1IDAuNDV2MjguOTU5YzAgMC4yNDgtMC4yMDIgMC40NS0wLjQ1IDAuNDVoLTI4Ljk1OWMtMC4yNDggMC0wLjQ1LTAuMjAyLTAuNDUtMC40NXYtMjguOTU5YzAtMC4yNDggMC4yMDItMC40NSAwLjQ1LTAuNDVoMjguOTU5ek0zOC40OCA4aC0yOC45NTljLTAuODQgMC0xLjUyIDAuNjgxLTEuNTIgMS41MjF2MjguOTU5YzAgMC44NCAwLjY4MSAxLjUyMSAxLjUyIDEuNTIxaDI4Ljk1OWMwLjg0IDAgMS41Mi0wLjY4MSAxLjUyLTEuNTIxdi0yOC45NTljMC0wLjg0LTAuNjgxLTEuNTIxLTEuNTItMS41MjF2MHoiIG9wYWNpdHk9IjEiIHZpc2liaWxpdHk9ImZhbHNlIiBmaWxsPSIjZDdkN2Q3Ij48L3BhdGg+Cgk8cGF0aCBkPSJNMTIuMjI4IDM1LjIyNHYtMy4zMjljMC0wLjE0NSAwLjA1OC0wLjI4NSAwLjE2LTAuMzg4bDUuNTg3LTUuNTg3YzAuMjE0LTAuMjE0IDAuNTYxLTAuMjE0IDAuNzc1IDBsMi4xMTkgMi4xMTljMC4yMTQgMC4yMTQgMC41NjEgMC4yMTQgMC43NzUgMGw4LjE5MS04LjE5MmMwLjIxNC0wLjIxNCAwLjU2MS0wLjIxNCAwLjc3NSAwbDUgNWMwLjEwMyAwLjEwMyAwLjE2IDAuMjQyIDAuMTYgMC4zODh2OS45ODhjMCAwLjMwMy0wLjI0NSAwLjU0OC0wLjU0OCAwLjU0OGgtMjIuNDQ3Yy0wLjMwMyAwLTAuNTQ4LTAuMjQ1LTAuNTQ4LTAuNTQ4eiIgb3BhY2l0eT0iMSIgdmlzaWJpbGl0eT0iZmFsc2UiIGZpbGw9IiNkN2Q3ZDciPjwvcGF0aD4KCTxwYXRoIGQ9Ik0yMS41NDQgMTcuOTY3YzAgMS45ODItMS42MDYgMy41ODgtMy41ODggMy41ODhzLTMuNTg4LTEuNjA2LTMuNTg4LTMuNTg4YzAtMS45ODEgMS42MDYtMy41ODggMy41ODgtMy41ODhzMy41ODggMS42MDYgMy41ODggMy41ODh6IiBvcGFjaXR5PSIxIiB2aXNpYmlsaXR5PSJmYWxzZSIgZmlsbD0iI2Q3ZDdkNyI+PC9wYXRoPgo8L3N2Zz4K" alt="Hatfield Fully Cooked Boneless Hardwood Smoked Ham Steak 8 OZ PKG" class="product-grid-image object-contain product-grid-cell_main-image" skeleton-box-size="14rem"></div></a><div class="product-grid-cell_price-tag product-grid-cell_price-tag--full-tile"><div class="product-tile_detail"><div class="skeleton-loader_wrapper cursor-pointer"><!-- eslint-disable-next-line vuejs-accessibility/click-events-have-key-events --><div class="product-grid-cell_price-container product-grid-cell_price-container_column"><span class="sr-only">Hatfield Fully Cooked Boneless Hardwood Smoked Ham Steak</span><span class="product-grid-cell_main-price product-grid-cell_main-price--on-sale"><span class="sr-only"> Sale Price </span> $2.50</span><div class="product-grid-cell_was-container"><span class="product-grid-cell_regular-price mb-1 product-grid-cell_regular-price--small"><span class="sr-only"> Original Price </span> $3.29</span></div></div><!--v-if--></div><!--v-if--></div><button class="product-tile_detail-title"><div class="skeleton-loader_wrapper"><div class="product-grid-cell_name"><a id="product-name-157258-17497327347164266" class="product-grid-cell_name-text product-grid-cell_name-text--small product-grid-cell_name-text--clamp-2" href="https://stopandshop.com/product/hatfield-fully-cooked-boneless-hardwood-smoked-ham-steak-8-oz-pkg/157258" data-opens-modal="true" aria-haspopup="dialog"><!--v-if--> Hatfield Fully Cooked Boneless Hardwood Smoked Ham Steak</a></div><!--v-if--><!--v-if--></div><div class="skeleton-loader_wrapper"><!-- eslint-disable-next-line vuejs-accessibility/click-events-have-key-events --><div class="product-grid-cell_sizes"><span class="product-grid-cell_size">8 OZ PKG</span><span aria-hidden="true"> | </span><!--v-if--><span class="product-grid-cell_unit">$5.00 /LB</span></div><!--v-if--></div><!--v-if--></button><div class="product-grid-cell_promo-name"><!--v-if--><!--v-if--><!--v-if--><!--v-if--><!--v-if--></div><!--v-if--><!--v-if--><!--v-if--><!--v-if--><div class="margin-top--one"><!--v-if--><div class="pdl-add-to-cart" coupon-clipped="false"><div class="pdl-add-to-cart_button"><button class="button button--add-to-cart add-sale" aria-label="Add to cart" data-product-id="157258" data-price="2.5">Add to cart <!--v-if--></button><!--v-if--><!--v-if--><!-- Swap n Save --><!--v-if--></div><!--v-if--></div><!--v-if--><!--v-if--></div><!--v-if--></div></div><!-- MOBILE VIEW --><!--v-if--><!-- This is for xxsmall devices --><div class="mobile-product-list-cell_bottom m-4 hidden"><div class="mobile-product-list-cell_bottom_cart-ui-wrapper"><!--v-if--><div class="pdl-add-to-cart" coupon-clipped="false"><div class="pdl-add-to-cart_button"><button class="button button--add-to-cart add-sale" aria-label="Add to cart" data-product-id="157258" data-price="2.5">Add to cart <!--v-if--></button><!--v-if--><!--v-if--><!-- Swap n Save --><!--v-if--></div><!--v-if--></div><!--v-if--><!--v-if--></div><!--v-if--></div><div class="product-tile_action-items" is-typeahead="false"><!--v-if--><!--v-if--><div class="shopping-list-menu_container"><div class="relative-el"><button class="button pdl-product-detail_top-icon button--fourth pdl-product-detail_top-icon--borderless" aria-label="add to shopping list" page-view="browse aisles" title="On Sale in Meat"><!--v-if--><div class="vector-icon-size--large"><svg xmlns="http://www.w3.org/2000/svg" class="vector-icon-color--dark-grey" aria-label="Shopping List Icon Add" viewBox="0 0 32 32" role="presentation" aria-hidden="true" focusable="false"><title lang="en">Shopping List Icon Add</title><desc></desc><g fill="" stroke=""><g><path d="M21.94066,15.3368884 L21.94066,12.8931995 C21.94066,12.3409148 22.3883752,11.8931995 22.94066,11.8931995 C23.4929447,11.8931995 23.94066,12.3409148 23.94066,12.8931995 L23.94066,15.3368884 L26.2522624,15.3368884 C26.8045471,15.3368884 27.2522624,15.7846037 27.2522624,16.3368884 C27.2522624,16.8891732 26.8045471,17.3368884 26.2522624,17.3368884 L23.94066,17.3368884 L23.94066,19.8787952 C23.94066,20.43108 23.4929447,20.8787952 22.94066,20.8787952 C22.3883752,20.8787952 21.94066,20.43108 21.94066,19.8787952 L21.94066,17.3368884 L19.2666667,17.3368884 C18.7143819,17.3368884 18.2666667,16.8891732 18.2666667,16.3368884 C18.2666667,15.7846037 18.7143819,15.3368884 19.2666667,15.3368884 L21.94066,15.3368884 Z M8,12 C7.44771525,12 7,11.5522847 7,11 C7,10.4477153 7.44771525,10 8,10 L19.1153581,10 C19.6676429,10 20.1153581,10.4477153 20.1153581,11 C20.1153581,11.5522847 19.6676429,12 19.1153581,12 L8,12 Z M8,17.3368884 C7.44771525,17.3368884 7,16.8891732 7,16.3368884 C7,15.7846037 7.44771525,15.3368884 8,15.3368884 L14.7200696,15.3368884 C15.2723543,15.3368884 15.7200696,15.7846037 15.7200696,16.3368884 C15.7200696,16.8891732 15.2723543,17.3368884 14.7200696,17.3368884 L8,17.3368884 Z M8,23 C7.44771525,23 7,22.5522847 7,22 C7,21.4477153 7.44771525,21 8,21 L19.1153581,21 C19.6676429,21 20.1153581,21.4477153 20.1153581,22 C20.1153581,22.5522847 19.6676429,23 19.1153581,23 L8,23 Z" fill="#000000" fill-rule="nonzero"></path></g></g></svg></div><div class="pdl-product-detail_list-tooltip"><p class="no-wrap">Sign in to add to shopping list</p><em></em></div></button></div></div></div><!--v-if--></li><!--v-if--></ul><!--v-if--><!--v-if--><!--v-if--><!--v-if--></div></div></div></div></div><div class="pdl-carousel_row pdl-carousel_nav-items" style=""><!--v-if--><!--v-if--><ul class="pdl-carousel_nav"><li class="pdl-carousel_nav-item"><button aria-label="go to slide 1" class="button--reset pdl-carousel_nav-trigger pdl-carousel_nav-trigger--active"></button></li><li class="pdl-carousel_nav-item"><button aria-label="go to slide 2" class="button--reset pdl-carousel_nav-trigger"></button></li><li class="pdl-carousel_nav-item"><button aria-label="go to slide 3" class="button--reset pdl-carousel_nav-trigger"></button></li><li class="pdl-carousel_nav-item"><button aria-label="go to slide 4" class="button--reset pdl-carousel_nav-trigger"></button></li><li class="pdl-carousel_nav-item"><button aria-label="go to slide 5" class="button--reset pdl-carousel_nav-trigger"></button></li></ul><!--v-if--></div></div></div></div></div><!--v-if--><!--v-if--></div></div><!--v-if--><!--v-if--><!--v-if--><!--v-if--><!--v-if--><!--v-if--><!--v-if--><!--v-if--><!--v-if--><!--v-if--><!--v-if--><!--v-if--><!--v-if--><!--v-if--><!--v-if--><!--v-if--><!--v-if--><!--v-if--><!--v-if--><!--v-if--><!--v-if--><!--v-if--><!--v-if--><!--v-if--><!--v-if--><!--v-if--><!--v-if--><!--v-if--><!--v-if--><!--v-if--><!--v-if--><!--v-if--><!--v-if--></div></div></div></div><div><div class="my-0 mx-auto py-4 px-0"><div class="relative" role="region" aria-label="Inspiration"><div class="pdl-carousel pdl-carousel--medium"><!--v-if--><div class="pdl-carousel_row" tabindex="0"><div class="pdl-carousel_body"><div id="carousel-buttons" class=""><button class="button--reset pdl-carousel_trigger pdl-carousel_trigger--prev" aria-label="Previous slide" style="display: none;"><span class="block pdl-carousel_trigger-icon"><svg xmlns="http://www.w3.org/2000/svg" class="" aria-label="Previous" viewBox="0 0 32 32" role="presentation" aria-hidden="true" focusable="false"><title lang="en">Previous</title><desc></desc><g fill="" stroke="black"><path fill="none" d="M19.485 24.97 11 16.486 19.485 8"></path></g></svg></span><!--v-if--></button><button aria-label="Next slide" class="button--reset pdl-carousel_trigger pdl-carousel_trigger--next" style=""><span class="block pdl-carousel_trigger-icon"><svg xmlns="http://www.w3.org/2000/svg" class="" aria-label="Next" viewBox="0 0 32 32" role="presentation" aria-hidden="true" focusable="false"><title lang="en">Next</title><desc></desc><g fill="" stroke="black"><path fill="none" d="m13.242 7.758 8.486 8.485-8.486 8.485"></path></g></svg></span><!--v-if--></button></div><div class="mt-4 pdl-carousel_container" style="min-height: auto;"><div class="pdl-carousel_slider" style="transform: translateX(0px); height: auto; position: relative;"><div tabindex="-1" class="pdl-carousel_item large-tile-carousel_carousel-item flex first:ml-0 last:mr-0 w-full max-w-none" style="height: auto; width: 697px;"><div class="w-full flex pdl-carousel_content" islastslide="false" itemcountpriorslide="[object Object]" index="0" style="height: auto;"><div class="flex w-full grow-0 shrink basis-[40.5rem] my-0 mx-0 first:ml-2 last:mr-2"><!-- Per XD, image uploaded by Content team dimensions should be 430 x 220
  If content team uploads image w/different dimensions, we will accept that risk --><div class="flex flex-wrap justify-center w-full h-full spyglass-nav-group_wrapper"><!-- eslint-disable vue/no-v-html --><!--v-if--><div class="relative flex border border-solid border-gray-100 bg-white rounded-brand min-w-[23rem] my-6 mx-2 flex-col max-w-[40rem] cursor-pointer no-underline"><img src="./Browse Aisles - Meat _ Stop &amp; Shop_files/P4WQV.jpg" alt="" class="rounded-tl-brand rounded-tr-brand object-contain"><!--v-if--><div class="flex flex-row flex-wrap grow px-8 pt-8 pb-12"><div class="flex flex-col flex-nowrap"><h2 class="block no-underline text-xl font-bold leading-9">Shop $3.88 strawberries</h2><div class="grow mt-4"><p class="block no-underline text-gray-600 leading-10"><span>And save on more Guiding Stars-rated items.</span></p></div><div class="mt-10"><button class="flex w-full text-primary font-bold rounded-brand text-center no-underline capitalize">Shop Now <div class="h-[1.2rem] w-[0.7rem] mt-px ml-4"><svg xmlns="http://www.w3.org/2000/svg" class="" aria-label="Stroke 1" viewBox="0 0 7 12" role="presentation" aria-hidden="true" focusable="false"><title lang="en">Stroke 1</title><desc></desc><g fill="" stroke=""><path d="m1 1 5 5-5 5" class="stroke-primary" stroke-width="2" fill="none" fill-rule="evenodd" stroke-linecap="round" stroke-linejoin="round"></path></g></svg></div></button></div></div></div><!--v-if--></div></div></div><div class="flex w-full grow-0 shrink basis-[40.5rem] my-0 mx-0 first:ml-2 last:mr-2"><!-- Per XD, image uploaded by Content team dimensions should be 430 x 220
  If content team uploads image w/different dimensions, we will accept that risk --><div class="flex flex-wrap justify-center w-full h-full spyglass-nav-group_wrapper"><!-- eslint-disable vue/no-v-html --><!--v-if--><div class="relative flex border border-solid border-gray-100 bg-white rounded-brand min-w-[23rem] my-6 mx-2 flex-col max-w-[40rem] cursor-pointer no-underline"><img src="./Browse Aisles - Meat _ Stop &amp; Shop_files/URG4V.jpg" alt="" class="rounded-tl-brand rounded-tr-brand object-contain"><!--v-if--><div class="flex flex-row flex-wrap grow px-8 pt-8 pb-12"><div class="flex flex-col flex-nowrap"><h2 class="block no-underline text-xl font-bold leading-9">Save with 8s!</h2><div class="grow mt-4"><p class="block no-underline text-gray-600 leading-10"><span>Enjoy these great deals on items ending in 8.</span></p></div><div class="mt-10"><button class="flex w-full text-primary font-bold rounded-brand text-center no-underline capitalize">Shop Now <div class="h-[1.2rem] w-[0.7rem] mt-px ml-4"><svg xmlns="http://www.w3.org/2000/svg" class="" aria-label="Stroke 1" viewBox="0 0 7 12" role="presentation" aria-hidden="true" focusable="false"><title lang="en">Stroke 1</title><desc></desc><g fill="" stroke=""><path d="m1 1 5 5-5 5" class="stroke-primary" stroke-width="2" fill="none" fill-rule="evenodd" stroke-linecap="round" stroke-linejoin="round"></path></g></svg></div></button></div></div></div><!--v-if--></div></div></div></div></div><div tabindex="-1" class="pdl-carousel_item large-tile-carousel_carousel-item flex first:ml-0 last:mr-0 w-full max-w-none" style="height: auto; width: 697px;"><div class="w-full flex pdl-carousel_content" islastslide="true" itemcountpriorslide="[object Object]" index="1" style="height: auto;"><div class="flex w-full grow-0 shrink basis-[40.5rem] my-0 mx-0 first:ml-2 last:mr-2"><!-- Per XD, image uploaded by Content team dimensions should be 430 x 220
  If content team uploads image w/different dimensions, we will accept that risk --><div class="flex flex-wrap justify-center w-full h-full spyglass-nav-group_wrapper"><!-- eslint-disable vue/no-v-html --><!--v-if--><div class="relative flex border border-solid border-gray-100 bg-white rounded-brand min-w-[23rem] my-6 mx-2 flex-col max-w-[40rem] cursor-pointer no-underline"><img src="https://stopandshop.com/" alt="" class="rounded-tl-brand rounded-tr-brand object-contain"><!--v-if--><div class="flex flex-row flex-wrap grow px-8 pt-8 pb-12"><div class="flex flex-col flex-nowrap"><h2 class="block no-underline text-xl font-bold leading-9">Shop for all grilling needs on sale.</h2><div class="grow mt-4"><!--v-if--></div><div class="mt-10"><button class="flex w-full text-primary font-bold rounded-brand text-center no-underline capitalize">Shop Now <div class="h-[1.2rem] w-[0.7rem] mt-px ml-4"><svg xmlns="http://www.w3.org/2000/svg" class="" aria-label="Stroke 1" viewBox="0 0 7 12" role="presentation" aria-hidden="true" focusable="false"><title lang="en">Stroke 1</title><desc></desc><g fill="" stroke=""><path d="m1 1 5 5-5 5" class="stroke-primary" stroke-width="2" fill="none" fill-rule="evenodd" stroke-linecap="round" stroke-linejoin="round"></path></g></svg></div></button></div></div></div><!--v-if--></div></div></div></div></div></div></div></div></div><!--v-if--></div></div></div></div><!--v-if--><div><div class="pdl-generic-content_container"><div class="pdl-generic-content_wrapper pdl-generic-content_container--max"><div class="pdl-generic-content_full"><!--v-if--><!--v-if--><!--v-if--><!--v-if--><!--v-if--><!--v-if--><!--v-if--><!--v-if--><!--v-if--><!--v-if--><!--v-if--><!--v-if--><!--v-if--><!--v-if--><!--v-if--><!--v-if--><!--v-if--><!--v-if--><!--v-if--><!--v-if--><!--v-if--><!--v-if--><!--v-if--><!--v-if--><!--v-if--><!--v-if--><div class="pdl-generic-content_container--max pdl-generic-content_full"><!--v-if--><!--v-if--><!--v-if--><!--v-if--><!--v-if--><!--v-if--><!--v-if--><div><div><div class="relative m-8 md:mx-auto spyglass-nav-group_wrapper w-auto md:w-full md:max-w-[75rem] min-w-[33.5rem] text-center"><!-- eslint-disable vue/no-v-html --><h2 class="mr-auto mb-4 font-bold pb-4 text-3xl max-w-[75rem]" role="region" aria-label="Fire Up The Grill">Fire Up The Grill</h2><!--v-if--><!--v-if--><!--v-if--><!--v-if--></div></div></div><!--v-if--><!--v-if--><!--v-if--><!--v-if--><!--v-if--></div><!--v-if--><!--v-if--><!--v-if--><!--v-if--><!--v-if--><!--v-if--><!--v-if--><!--v-if--><!--v-if--><!--v-if--></div><div class="pdl-generic-content_full"><!--v-if--><!--v-if--><!--v-if--><!--v-if--><!--v-if--><!--v-if--><!--v-if--><!--v-if--><!--v-if--><!--v-if--><!--v-if--><!--v-if--><!--v-if--><!--v-if--><!--v-if--><!--v-if--><!--v-if--><!--v-if--><!--v-if--><!--v-if--><!--v-if--><!--v-if--><!--v-if--><!--v-if--><!--v-if--><!--v-if--><div class="pdl-generic-content_container--max pdl-generic-content_full"><!--v-if--><!--v-if--><!--v-if--><!--v-if--><!--v-if--><div><div><div class="product-view product-view-search"><div class="product-set spyglass-nav-group_wrapper"><!--v-if--><!--v-if--><div><!--v-if--><div class="zone-block zone-block-medium pb-6 zone-block--with-image" aria-labelledby="zone-heading-17497327157797755" has-shopping-list-menu="true"><div aria-hidden="true" class="zone-block_banner" style="background-image: url(&quot;https://i5.peapod.com/c/S9/S9UL1.jpg&quot;);"></div><div role="region" aria-label="" class="zone-block_content my-0 mx-auto"><!--v-if--><div class="pdl-carousel pdl-carousel--medium" carousel-name=""><!--v-if--><div class="pdl-carousel_row" tabindex="0"><div class="pdl-carousel_body"><div id="carousel-buttons" class=""><button class="button--reset pdl-carousel_trigger pdl-carousel_trigger--prev pdl-carousel_trigger--theme-2" aria-label="Previous slide" style="display: none;"><span class="block pdl-carousel_trigger-icon"><svg xmlns="http://www.w3.org/2000/svg" class="" aria-label="Previous" viewBox="0 0 32 32" role="presentation" aria-hidden="true" focusable="false"><title lang="en">Previous</title><desc></desc><g fill="" stroke="black"><path fill="none" d="M19.485 24.97 11 16.486 19.485 8"></path></g></svg></span><!--v-if--></button><button aria-label="Next slide" class="button--reset pdl-carousel_trigger pdl-carousel_trigger--theme-2 pdl-carousel_trigger--next"><span class="block pdl-carousel_trigger-icon"><svg xmlns="http://www.w3.org/2000/svg" class="" aria-label="Next" viewBox="0 0 32 32" role="presentation" aria-hidden="true" focusable="false"><title lang="en">Next</title><desc></desc><g fill="" stroke="black"><path fill="none" d="m13.242 7.758 8.486 8.485-8.486 8.485"></path></g></svg></span><!--v-if--></button></div><div class="mt-4 pdl-carousel_container" style="min-height: auto;"><div class="pdl-carousel_slider" style="transform: translateX(0px); height: auto; position: relative;"><div tabindex="-1" class="pdl-carousel_item zone-block_carousel-item" style="height: auto; width: 697px;"><ul class="product-list product-list-triple pt-0 pdl-carousel_content" islastslide="false" itemcountpriorslide="[object Object]" index="0" style="height: auto;"><!-- eslint-disable vuejs-accessibility/mouse-events-have-key-events --><li tabindex="-1" data-product-id="116417" class="tile product-cell product-grid-cell mb-0"><!--v-if--><!--v-if--><!--v-if--><div class="product-tile_content"><!--v-if--><a href="https://stopandshop.com/product/nathans-famous-bun-length-skinless-beef-franks-8-ct-12-oz-pkg/116417" aria-hidden="true" tabindex="-1"><div><!--v-if--><img src="./Browse Aisles - Meat _ Stop &amp; Shop_files/P10B6.png" alt="Nathan&#39;s Famous Bun Length Skinless Beef Franks - 8 ct 12 OZ PKG" class="product-grid-image object-contain product-grid-cell_main-image" skeleton-box-size="14rem"></div></a><div class="product-grid-cell_price-tag product-grid-cell_price-tag--full-tile"><div class="product-tile_detail"><div class="skeleton-loader_wrapper cursor-pointer"><!-- eslint-disable-next-line vuejs-accessibility/click-events-have-key-events --><div class="product-grid-cell_price-container"><span class="sr-only">Nathan's Famous Bun Length Skinless Beef Franks - 8 ct</span><span class="product-grid-cell_main-price"><!--v-if--> $7.99</span><!--v-if--></div><!--v-if--></div><!--v-if--></div><button class="product-tile_detail-title"><div class="skeleton-loader_wrapper"><div class="product-grid-cell_name"><a id="product-name-116417-17497327347875174" class="product-grid-cell_name-text product-grid-cell_name-text--small product-grid-cell_name-text--clamp-2" href="https://stopandshop.com/product/nathans-famous-bun-length-skinless-beef-franks-8-ct-12-oz-pkg/116417" data-opens-modal="true" aria-haspopup="dialog"><!--v-if--> Nathan's Famous Bun Length Skinless Beef Franks - 8 ct</a></div><!--v-if--><!--v-if--></div><div class="skeleton-loader_wrapper"><!-- eslint-disable-next-line vuejs-accessibility/click-events-have-key-events --><div class="product-grid-cell_sizes"><span class="product-grid-cell_size">12 OZ PKG</span><span aria-hidden="true"> | </span><!--v-if--><span class="product-grid-cell_unit">$10.65 /LB</span></div><!--v-if--></div><!--v-if--></button><div class="product-grid-cell_promo-name"><!--v-if--><!--v-if--><!--v-if--><!--v-if--><!--v-if--></div><!--v-if--><!--v-if--><!--v-if--><!--v-if--><div class="margin-top--one"><!--v-if--><div class="pdl-add-to-cart" coupon-clipped="false"><div class="pdl-add-to-cart_button"><button class="button button--add-to-cart" aria-label="Add to cart" data-product-id="116417" data-price="7.99">Add to cart <!--v-if--></button><!--v-if--><!--v-if--><!-- Swap n Save --><!--v-if--></div><!--v-if--></div><!--v-if--><!--v-if--></div><!--v-if--></div></div><!-- MOBILE VIEW --><!--v-if--><!-- This is for xxsmall devices --><div class="mobile-product-list-cell_bottom m-4 hidden"><div class="mobile-product-list-cell_bottom_cart-ui-wrapper"><!--v-if--><div class="pdl-add-to-cart" coupon-clipped="false"><div class="pdl-add-to-cart_button"><button class="button button--add-to-cart" aria-label="Add to cart" data-product-id="116417" data-price="7.99">Add to cart <!--v-if--></button><!--v-if--><!--v-if--><!-- Swap n Save --><!--v-if--></div><!--v-if--></div><!--v-if--><!--v-if--></div><!--v-if--></div><div class="product-tile_action-items" is-typeahead="false"><!--v-if--><!--v-if--><div class="shopping-list-menu_container"><div class="relative-el"><button class="button pdl-product-detail_top-icon button--fourth pdl-product-detail_top-icon--borderless" aria-label="add to shopping list" page-view="browse aisles" title=""><!--v-if--><div class="vector-icon-size--large"><svg xmlns="http://www.w3.org/2000/svg" class="vector-icon-color--dark-grey" aria-label="Shopping List Icon Add" viewBox="0 0 32 32" role="presentation" aria-hidden="true" focusable="false"><title lang="en">Shopping List Icon Add</title><desc></desc><g fill="" stroke=""><g><path d="M21.94066,15.3368884 L21.94066,12.8931995 C21.94066,12.3409148 22.3883752,11.8931995 22.94066,11.8931995 C23.4929447,11.8931995 23.94066,12.3409148 23.94066,12.8931995 L23.94066,15.3368884 L26.2522624,15.3368884 C26.8045471,15.3368884 27.2522624,15.7846037 27.2522624,16.3368884 C27.2522624,16.8891732 26.8045471,17.3368884 26.2522624,17.3368884 L23.94066,17.3368884 L23.94066,19.8787952 C23.94066,20.43108 23.4929447,20.8787952 22.94066,20.8787952 C22.3883752,20.8787952 21.94066,20.43108 21.94066,19.8787952 L21.94066,17.3368884 L19.2666667,17.3368884 C18.7143819,17.3368884 18.2666667,16.8891732 18.2666667,16.3368884 C18.2666667,15.7846037 18.7143819,15.3368884 19.2666667,15.3368884 L21.94066,15.3368884 Z M8,12 C7.44771525,12 7,11.5522847 7,11 C7,10.4477153 7.44771525,10 8,10 L19.1153581,10 C19.6676429,10 20.1153581,10.4477153 20.1153581,11 C20.1153581,11.5522847 19.6676429,12 19.1153581,12 L8,12 Z M8,17.3368884 C7.44771525,17.3368884 7,16.8891732 7,16.3368884 C7,15.7846037 7.44771525,15.3368884 8,15.3368884 L14.7200696,15.3368884 C15.2723543,15.3368884 15.7200696,15.7846037 15.7200696,16.3368884 C15.7200696,16.8891732 15.2723543,17.3368884 14.7200696,17.3368884 L8,17.3368884 Z M8,23 C7.44771525,23 7,22.5522847 7,22 C7,21.4477153 7.44771525,21 8,21 L19.1153581,21 C19.6676429,21 20.1153581,21.4477153 20.1153581,22 C20.1153581,22.5522847 19.6676429,23 19.1153581,23 L8,23 Z" fill="#000000" fill-rule="nonzero"></path></g></g></svg></div><div class="pdl-product-detail_list-tooltip"><p class="no-wrap">Sign in to add to shopping list</p><em></em></div></button></div></div></div><!--v-if--></li><!-- eslint-disable vuejs-accessibility/mouse-events-have-key-events --><li tabindex="-1" data-product-id="191240" class="tile product-cell product-grid-cell mb-0"><!--v-if--><!--v-if--><!--v-if--><div class="product-tile_content"><!--v-if--><a href="https://stopandshop.com/product/stop-shop-natural-80-lean-20-fat-ground-beef-patties-4-ct-fresh-1.25-lb/191240" aria-hidden="true" tabindex="-1"><div><!--v-if--><img src="./Browse Aisles - Meat _ Stop &amp; Shop_files/H3Y4B.png" alt="Stop &amp; Shop Natural 80% Lean 20% Fat Ground Beef Patties - 4 ct Fresh 1.25 LB" class="product-grid-image object-contain product-grid-cell_main-image" skeleton-box-size="14rem"></div></a><div class="product-grid-cell_price-tag product-grid-cell_price-tag--full-tile"><div class="product-tile_detail"><div class="skeleton-loader_wrapper cursor-pointer"><!-- eslint-disable-next-line vuejs-accessibility/click-events-have-key-events --><div class="product-grid-cell_price-container"><span class="sr-only">Stop &amp; Shop Natural 80% Lean 20% Fat Ground Beef Patties - 4 ct Fresh</span><span class="product-grid-cell_main-price"><!--v-if--> $8.49</span><!--v-if--></div><!--v-if--></div><!--v-if--></div><button class="product-tile_detail-title"><div class="skeleton-loader_wrapper"><div class="product-grid-cell_name"><a id="product-name-191240-17497327347881453" class="product-grid-cell_name-text product-grid-cell_name-text--small product-grid-cell_name-text--clamp-2" href="https://stopandshop.com/product/stop-shop-natural-80-lean-20-fat-ground-beef-patties-4-ct-fresh-1.25-lb/191240" data-opens-modal="true" aria-haspopup="dialog"><span class="vector-icon_inline-text--left mr-0"><div class="vector-icon-size--xsmall"><svg xmlns="http://www.w3.org/2000/svg" class="" aria-label="Ahold Icon" viewBox="0 0 1024 945" role="presentation" aria-hidden="true" focusable="false"><title lang="en">Ahold Icon</title><desc></desc><g fill="" stroke=""><g><path d="M1.893 730.617c-1.289-2.094-2.052-4.631-2.052-7.346 0-.747.058-1.481.169-2.197.158-12.396 10.227-22.466 22.687-22.634h895.306c12.476.168 22.545 10.237 22.713 22.698-.521 3.721-1.182 6.924-2.024 10.053l.131-.574c-86.363 175.072-263.598 293.385-468.466 293.385S88.254 905.689 3.252 733.663l-1.361-3.046z" class="path1" fill="#F7A800"></path><path d="M107.889 132.495c1.893-1.893 1.893-3.786 3.786-5.678 2.98-3.491 7.385-5.69 12.303-5.69s9.323 2.199 12.284 5.668l.019.022L613.264 603.8c3.491 2.98 5.69 7.385 5.69 12.303s-2.199 9.323-5.668 12.284c-1.399 1.869-3.361 3.216-5.631 3.789l-.069.015c-38.446 13.732-82.796 21.669-129.001 21.669-108.416 0-206.626-43.699-277.977-114.443C130.241 467.591 86.799 369.1 86.799 260.462c0-45.803 7.722-89.803 21.936-130.767l-.845 2.8z" class="path2" fill="#E2231A"></path><path d="M600.015 1.893a6.922 6.922 0 0 1 5.713-1.889c.057-.006.164-.007.272-.007 7.15 0 12.947 5.796 12.947 12.947 0 .108-.001.215-.004.322v-.016 503.482c.002.091.004.199.004.306 0 7.15-5.796 12.947-12.947 12.947-.108 0-.215-.001-.322-.004a6.925 6.925 0 0 1-5.665-1.895l.002.002c-98.273-48.542-164.673-148.065-164.673-263.098S501.743 50.434 598.306 2.657l1.709-.765z" class="path3" fill="#712177"></path><path d="M938.824 283.919c1.893 0 1.893 1.893 3.786 1.893 1.765 2.012 2.841 4.666 2.841 7.571s-1.077 5.559-2.853 7.584l.011-.013-268.776 266.884c-2.012 1.765-4.666 2.841-7.571 2.841s-5.559-1.077-7.584-2.853a3.774 3.774 0 0 1-1.877-3.793l-.002.019c-7.681-21.529-12.12-46.363-12.12-72.235 0-61.263 24.891-116.712 65.111-156.786 39.326-39.792 93.895-64.431 154.219-64.431 26.857 0 52.573 4.884 76.309 13.812l-1.494-.493z" class="path4" fill="#82BC00"></path></g></g></svg></div></span> Stop &amp; Shop Natural 80% Lean 20% Fat Ground Beef Patties - 4 ct Fresh</a></div><!--v-if--><!--v-if--></div><div class="skeleton-loader_wrapper"><!-- eslint-disable-next-line vuejs-accessibility/click-events-have-key-events --><div class="product-grid-cell_sizes"><span class="product-grid-cell_size">1.25 LB</span><span aria-hidden="true"> | </span><!--v-if--><span class="product-grid-cell_unit">$6.79 /LB</span></div><!--v-if--></div><!--v-if--></button><div class="product-grid-cell_promo-name"><!--v-if--><!--v-if--><!--v-if--><!--v-if--><!--v-if--></div><!--v-if--><!--v-if--><!--v-if--><!--v-if--><div class="margin-top--one"><!--v-if--><div class="pdl-add-to-cart" coupon-clipped="false"><div class="pdl-add-to-cart_button"><button class="button button--add-to-cart" aria-label="Add to cart" data-product-id="191240" data-price="8.49">Add to cart <!--v-if--></button><!--v-if--><!--v-if--><!-- Swap n Save --><!--v-if--></div><!--v-if--></div><!--v-if--><!--v-if--></div><!--v-if--></div></div><!-- MOBILE VIEW --><!--v-if--><!-- This is for xxsmall devices --><div class="mobile-product-list-cell_bottom m-4 hidden"><div class="mobile-product-list-cell_bottom_cart-ui-wrapper"><!--v-if--><div class="pdl-add-to-cart" coupon-clipped="false"><div class="pdl-add-to-cart_button"><button class="button button--add-to-cart" aria-label="Add to cart" data-product-id="191240" data-price="8.49">Add to cart <!--v-if--></button><!--v-if--><!--v-if--><!-- Swap n Save --><!--v-if--></div><!--v-if--></div><!--v-if--><!--v-if--></div><!--v-if--></div><div class="product-tile_action-items" is-typeahead="false"><!--v-if--><!--v-if--><div class="shopping-list-menu_container"><div class="relative-el"><button class="button pdl-product-detail_top-icon button--fourth pdl-product-detail_top-icon--borderless" aria-label="add to shopping list" page-view="browse aisles" title=""><!--v-if--><div class="vector-icon-size--large"><svg xmlns="http://www.w3.org/2000/svg" class="vector-icon-color--dark-grey" aria-label="Shopping List Icon Add" viewBox="0 0 32 32" role="presentation" aria-hidden="true" focusable="false"><title lang="en">Shopping List Icon Add</title><desc></desc><g fill="" stroke=""><g><path d="M21.94066,15.3368884 L21.94066,12.8931995 C21.94066,12.3409148 22.3883752,11.8931995 22.94066,11.8931995 C23.4929447,11.8931995 23.94066,12.3409148 23.94066,12.8931995 L23.94066,15.3368884 L26.2522624,15.3368884 C26.8045471,15.3368884 27.2522624,15.7846037 27.2522624,16.3368884 C27.2522624,16.8891732 26.8045471,17.3368884 26.2522624,17.3368884 L23.94066,17.3368884 L23.94066,19.8787952 C23.94066,20.43108 23.4929447,20.8787952 22.94066,20.8787952 C22.3883752,20.8787952 21.94066,20.43108 21.94066,19.8787952 L21.94066,17.3368884 L19.2666667,17.3368884 C18.7143819,17.3368884 18.2666667,16.8891732 18.2666667,16.3368884 C18.2666667,15.7846037 18.7143819,15.3368884 19.2666667,15.3368884 L21.94066,15.3368884 Z M8,12 C7.44771525,12 7,11.5522847 7,11 C7,10.4477153 7.44771525,10 8,10 L19.1153581,10 C19.6676429,10 20.1153581,10.4477153 20.1153581,11 C20.1153581,11.5522847 19.6676429,12 19.1153581,12 L8,12 Z M8,17.3368884 C7.44771525,17.3368884 7,16.8891732 7,16.3368884 C7,15.7846037 7.44771525,15.3368884 8,15.3368884 L14.7200696,15.3368884 C15.2723543,15.3368884 15.7200696,15.7846037 15.7200696,16.3368884 C15.7200696,16.8891732 15.2723543,17.3368884 14.7200696,17.3368884 L8,17.3368884 Z M8,23 C7.44771525,23 7,22.5522847 7,22 C7,21.4477153 7.44771525,21 8,21 L19.1153581,21 C19.6676429,21 20.1153581,21.4477153 20.1153581,22 C20.1153581,22.5522847 19.6676429,23 19.1153581,23 L8,23 Z" fill="#000000" fill-rule="nonzero"></path></g></g></svg></div><div class="pdl-product-detail_list-tooltip"><p class="no-wrap">Sign in to add to shopping list</p><em></em></div></button></div></div></div><!--v-if--></li><!-- eslint-disable vuejs-accessibility/mouse-events-have-key-events --><li tabindex="-1" data-product-id="190318" class="tile product-cell product-grid-cell mb-0"><!--v-if--><!--v-if--><!--v-if--><div class="product-tile_content"><div class="flag_outer-container"><div class=""><svg xmlns="http://www.w3.org/2000/svg" class="w-20 ml-3" aria-label="Sale" viewBox="0 0 32 32" role="presentation" aria-hidden="true" focusable="false"><title lang="en">Sale</title><desc></desc><g fill="" stroke=""><g><path d="M16.56 19.87a3.81 3.81 0 0 1-1-.13l-13.39-3.5a1.5 1.5 0 0 1-1.12-1.34l-.81-11a1.52 1.52 0 0 1 1.39-1.61l27.69-2h.11a1.51 1.51 0 0 1 1.5 1.4l.82 11a1.52 1.52 0 0 1-.91 1.5l-12.72 5.36a3.79 3.79 0 0 1-1.56.32Z" fill="#ed1256"></path><path fill="#fff" d="M29.43.48a1.26 1.26 0 0 1 1.26 1.17l.82 11a1.27 1.27 0 0 1-.76 1.26L18 19.34a3.72 3.72 0 0 1-1.47.3 3.79 3.79 0 0 1-.94-.12L2.24 16a1.27 1.27 0 0 1-1-1.13l-.81-11a1.26 1.26 0 0 1 1.22-1.33L29.34.48h.09m0-.48h-.13L1.62 2A1.76 1.76 0 0 0 0 3.92l.82 11a1.73 1.73 0 0 0 1.3 1.55L15.5 20a4.3 4.3 0 0 0 1.07.14 4.24 4.24 0 0 0 1.65-.34l12.72-5.44A1.76 1.76 0 0 0 32 12.59l-.82-11A1.76 1.76 0 0 0 29.43 0Z"></path><path fill="#fff" d="M3.74 9.87a3 3 0 0 0 .82.55 2.21 2.21 0 0 0 1.08.19 1.6 1.6 0 0 0 .29 0 1 1 0 0 0 .26-.12.58.58 0 0 0 .18-.2.62.62 0 0 0 0-.31.59.59 0 0 0-.32-.49 3.38 3.38 0 0 0-.85-.34L4.84 9a4.19 4.19 0 0 1-.69-.26 2.44 2.44 0 0 1-.63-.41 1.92 1.92 0 0 1-.7-1.42 2.68 2.68 0 0 1 .1-1A2.2 2.2 0 0 1 3.39 5a2.42 2.42 0 0 1 .82-.6 3.15 3.15 0 0 1 1.17-.28 3.68 3.68 0 0 1 1.72.24 3 3 0 0 1 .57.29A2.66 2.66 0 0 1 8 5l-.82 1.37a4.42 4.42 0 0 0-.82-.45 2 2 0 0 0-.85-.13 1.4 1.4 0 0 0-.28.06A.9.9 0 0 0 5 6a.62.62 0 0 0-.16.2.5.5 0 0 0 0 .28.6.6 0 0 0 .1.31.68.68 0 0 0 .24.2 1.27 1.27 0 0 0 .35.15l.43.13.35.09a7.49 7.49 0 0 1 .69.22 2.2 2.2 0 0 1 .72.42 2.46 2.46 0 0 1 .54.68 2.31 2.31 0 0 1 .27 1 2.15 2.15 0 0 1-.15 1 2.53 2.53 0 0 1-.56.84 2.77 2.77 0 0 1-.88.59 4 4 0 0 1-1.11.27A4.67 4.67 0 0 1 4 12.25a3.79 3.79 0 0 1-1.28-.75ZM11.29 3.89l2.17-.16 3.1 7.7-2 .15L14 10l-2.39.18-.35 1.67-2 .14Zm2.15 4.6-1-2.84-.61 2.95ZM17 3.47l1.89-.14.44 6 3.3-.25.16 1.92-5.19.39ZM23.36 3l5.13-.38.13 1.8-3.24.24.09 1.22 2.66-.2.12 1.7-2.65.2.09 1.35 3.46-.26.13 1.81-5.34.4Z"></path></g></g></svg></div><!--v-if--><!--v-if--><!--v-if--><!--v-if--></div><a href="https://stopandshop.com/product/sabrett-bun-size-skinless-beef-frankfurters-8-ct-14-oz-pkg/190318" aria-hidden="true" tabindex="-1"><div><!--v-if--><img src="./Browse Aisles - Meat _ Stop &amp; Shop_files/BYTMM.jpg" alt="Sabrett Bun Size Skinless Beef Frankfurters - 8 ct 14 OZ PKG" class="product-grid-image object-contain product-grid-cell_main-image" skeleton-box-size="14rem"></div></a><div class="product-grid-cell_price-tag product-grid-cell_price-tag--full-tile"><div class="product-tile_detail"><div class="skeleton-loader_wrapper cursor-pointer"><!-- eslint-disable-next-line vuejs-accessibility/click-events-have-key-events --><div class="product-grid-cell_price-container product-grid-cell_price-container_column"><span class="sr-only">Sabrett Bun Size Skinless Beef Frankfurters - 8 ct</span><span class="product-grid-cell_main-price product-grid-cell_main-price--on-sale"><span class="sr-only"> Sale Price </span> $4.99</span><div class="product-grid-cell_was-container"><span class="product-grid-cell_regular-price mb-1 product-grid-cell_regular-price--small"><span class="sr-only"> Original Price </span> $6.99</span></div></div><!--v-if--></div><!--v-if--></div><button class="product-tile_detail-title"><div class="skeleton-loader_wrapper"><div class="product-grid-cell_name"><a id="product-name-190318-17497327347880322" class="product-grid-cell_name-text product-grid-cell_name-text--small product-grid-cell_name-text--clamp-2" href="https://stopandshop.com/product/sabrett-bun-size-skinless-beef-frankfurters-8-ct-14-oz-pkg/190318" data-opens-modal="true" aria-haspopup="dialog"><!--v-if--> Sabrett Bun Size Skinless Beef Frankfurters - 8 ct</a></div><!--v-if--><!--v-if--></div><div class="skeleton-loader_wrapper"><!-- eslint-disable-next-line vuejs-accessibility/click-events-have-key-events --><div class="product-grid-cell_sizes"><span class="product-grid-cell_size">14 OZ PKG</span><span aria-hidden="true"> | </span><!--v-if--><span class="product-grid-cell_unit">$5.67 /LB</span></div><!--v-if--></div><!--v-if--></button><div class="product-grid-cell_promo-name"><!--v-if--><!--v-if--><!--v-if--><!--v-if--><!--v-if--></div><!--v-if--><!--v-if--><!--v-if--><!--v-if--><div class="margin-top--one"><!--v-if--><div class="pdl-add-to-cart" coupon-clipped="false"><div class="pdl-add-to-cart_button"><button class="button button--add-to-cart add-sale" aria-label="Add to cart" data-product-id="190318" data-price="4.99">Add to cart <!--v-if--></button><!--v-if--><!--v-if--><!-- Swap n Save --><!--v-if--></div><!--v-if--></div><!--v-if--><!--v-if--></div><!--v-if--></div></div><!-- MOBILE VIEW --><!--v-if--><!-- This is for xxsmall devices --><div class="mobile-product-list-cell_bottom m-4 hidden"><div class="mobile-product-list-cell_bottom_cart-ui-wrapper"><!--v-if--><div class="pdl-add-to-cart" coupon-clipped="false"><div class="pdl-add-to-cart_button"><button class="button button--add-to-cart add-sale" aria-label="Add to cart" data-product-id="190318" data-price="4.99">Add to cart <!--v-if--></button><!--v-if--><!--v-if--><!-- Swap n Save --><!--v-if--></div><!--v-if--></div><!--v-if--><!--v-if--></div><!--v-if--></div><div class="product-tile_action-items" is-typeahead="false"><!--v-if--><!--v-if--><div class="shopping-list-menu_container"><div class="relative-el"><button class="button pdl-product-detail_top-icon button--fourth pdl-product-detail_top-icon--borderless" aria-label="add to shopping list" page-view="browse aisles" title=""><!--v-if--><div class="vector-icon-size--large"><svg xmlns="http://www.w3.org/2000/svg" class="vector-icon-color--dark-grey" aria-label="Shopping List Icon Add" viewBox="0 0 32 32" role="presentation" aria-hidden="true" focusable="false"><title lang="en">Shopping List Icon Add</title><desc></desc><g fill="" stroke=""><g><path d="M21.94066,15.3368884 L21.94066,12.8931995 C21.94066,12.3409148 22.3883752,11.8931995 22.94066,11.8931995 C23.4929447,11.8931995 23.94066,12.3409148 23.94066,12.8931995 L23.94066,15.3368884 L26.2522624,15.3368884 C26.8045471,15.3368884 27.2522624,15.7846037 27.2522624,16.3368884 C27.2522624,16.8891732 26.8045471,17.3368884 26.2522624,17.3368884 L23.94066,17.3368884 L23.94066,19.8787952 C23.94066,20.43108 23.4929447,20.8787952 22.94066,20.8787952 C22.3883752,20.8787952 21.94066,20.43108 21.94066,19.8787952 L21.94066,17.3368884 L19.2666667,17.3368884 C18.7143819,17.3368884 18.2666667,16.8891732 18.2666667,16.3368884 C18.2666667,15.7846037 18.7143819,15.3368884 19.2666667,15.3368884 L21.94066,15.3368884 Z M8,12 C7.44771525,12 7,11.5522847 7,11 C7,10.4477153 7.44771525,10 8,10 L19.1153581,10 C19.6676429,10 20.1153581,10.4477153 20.1153581,11 C20.1153581,11.5522847 19.6676429,12 19.1153581,12 L8,12 Z M8,17.3368884 C7.44771525,17.3368884 7,16.8891732 7,16.3368884 C7,15.7846037 7.44771525,15.3368884 8,15.3368884 L14.7200696,15.3368884 C15.2723543,15.3368884 15.7200696,15.7846037 15.7200696,16.3368884 C15.7200696,16.8891732 15.2723543,17.3368884 14.7200696,17.3368884 L8,17.3368884 Z M8,23 C7.44771525,23 7,22.5522847 7,22 C7,21.4477153 7.44771525,21 8,21 L19.1153581,21 C19.6676429,21 20.1153581,21.4477153 20.1153581,22 C20.1153581,22.5522847 19.6676429,23 19.1153581,23 L8,23 Z" fill="#000000" fill-rule="nonzero"></path></g></g></svg></div><div class="pdl-product-detail_list-tooltip"><p class="no-wrap">Sign in to add to shopping list</p><em></em></div></button></div></div></div><!--v-if--></li><!--v-if--></ul><!--v-if--><!--v-if--><!--v-if--><!--v-if--></div><div tabindex="-1" class="pdl-carousel_item zone-block_carousel-item" style="height: auto; width: 697px;"><ul class="product-list product-list-triple pt-0 pdl-carousel_content" islastslide="false" itemcountpriorslide="[object Object]" index="1" style="height: auto;"><!-- eslint-disable vuejs-accessibility/mouse-events-have-key-events --><li tabindex="-1" data-product-id="20005" class="tile product-cell product-grid-cell mb-0"><!--v-if--><!--v-if--><!--v-if--><div class="product-tile_content"><!--v-if--><a href="https://stopandshop.com/product/hebrew-national-100-kosher-beef-franks-6-ct-10.3-oz-pkg/20005" aria-hidden="true" tabindex="-1"><div><!--v-if--><img src="data:image/svg+xml;base64,PD94bWwgdmVyc2lvbj0iMS4wIiBlbmNvZGluZz0idXRmLTgiPz4KPCEtLSBHZW5lcmF0ZWQgYnkgSWNvTW9vbi5pbyAtLT4KPCFET0NUWVBFIHN2ZyBQVUJMSUMgIi0vL1czQy8vRFREIFNWRyAxLjEvL0VOIiAiaHR0cDovL3d3dy53My5vcmcvR3JhcGhpY3MvU1ZHLzEuMS9EVEQvc3ZnMTEuZHRkIj4KPHN2ZyB2ZXJzaW9uPSIxLjEiIHhtbG5zPSJodHRwOi8vd3d3LnczLm9yZy8yMDAwL3N2ZyIgeG1sbnM6eGxpbms9Imh0dHA6Ly93d3cudzMub3JnLzE5OTkveGxpbmsiIHdpZHRoPSI0OCIgaGVpZ2h0PSI0OCIgdmlld0JveD0iMCAwIDQ4IDQ4Ij4KPGcgaWQ9Imljb21vb24taWdub3JlIj4KCTxsaW5lIHN0cm9rZS13aWR0aD0iMSIgeDE9IiIgeTE9IiIgeDI9IiIgeTI9IiIgc3Ryb2tlPSIjNDQ5RkRCIiBvcGFjaXR5PSIiPjwvbGluZT4KPC9nPgoJPHBhdGggZD0iTTM4LjQ4IDkuMDcwYzAuMjQ4IDAgMC40NSAwLjIwMiAwLjQ1IDAuNDV2MjguOTU5YzAgMC4yNDgtMC4yMDIgMC40NS0wLjQ1IDAuNDVoLTI4Ljk1OWMtMC4yNDggMC0wLjQ1LTAuMjAyLTAuNDUtMC40NXYtMjguOTU5YzAtMC4yNDggMC4yMDItMC40NSAwLjQ1LTAuNDVoMjguOTU5ek0zOC40OCA4aC0yOC45NTljLTAuODQgMC0xLjUyIDAuNjgxLTEuNTIgMS41MjF2MjguOTU5YzAgMC44NCAwLjY4MSAxLjUyMSAxLjUyIDEuNTIxaDI4Ljk1OWMwLjg0IDAgMS41Mi0wLjY4MSAxLjUyLTEuNTIxdi0yOC45NTljMC0wLjg0LTAuNjgxLTEuNTIxLTEuNTItMS41MjF2MHoiIG9wYWNpdHk9IjEiIHZpc2liaWxpdHk9ImZhbHNlIiBmaWxsPSIjZDdkN2Q3Ij48L3BhdGg+Cgk8cGF0aCBkPSJNMTIuMjI4IDM1LjIyNHYtMy4zMjljMC0wLjE0NSAwLjA1OC0wLjI4NSAwLjE2LTAuMzg4bDUuNTg3LTUuNTg3YzAuMjE0LTAuMjE0IDAuNTYxLTAuMjE0IDAuNzc1IDBsMi4xMTkgMi4xMTljMC4yMTQgMC4yMTQgMC41NjEgMC4yMTQgMC43NzUgMGw4LjE5MS04LjE5MmMwLjIxNC0wLjIxNCAwLjU2MS0wLjIxNCAwLjc3NSAwbDUgNWMwLjEwMyAwLjEwMyAwLjE2IDAuMjQyIDAuMTYgMC4zODh2OS45ODhjMCAwLjMwMy0wLjI0NSAwLjU0OC0wLjU0OCAwLjU0OGgtMjIuNDQ3Yy0wLjMwMyAwLTAuNTQ4LTAuMjQ1LTAuNTQ4LTAuNTQ4eiIgb3BhY2l0eT0iMSIgdmlzaWJpbGl0eT0iZmFsc2UiIGZpbGw9IiNkN2Q3ZDciPjwvcGF0aD4KCTxwYXRoIGQ9Ik0yMS41NDQgMTcuOTY3YzAgMS45ODItMS42MDYgMy41ODgtMy41ODggMy41ODhzLTMuNTg4LTEuNjA2LTMuNTg4LTMuNTg4YzAtMS45ODEgMS42MDYtMy41ODggMy41ODgtMy41ODhzMy41ODggMS42MDYgMy41ODggMy41ODh6IiBvcGFjaXR5PSIxIiB2aXNpYmlsaXR5PSJmYWxzZSIgZmlsbD0iI2Q3ZDdkNyI+PC9wYXRoPgo8L3N2Zz4K" alt="Hebrew National 100% Kosher Beef Franks - 6 ct 10.3 OZ PKG" class="product-grid-image object-contain product-grid-cell_main-image" skeleton-box-size="14rem"></div></a><div class="product-grid-cell_price-tag product-grid-cell_price-tag--full-tile"><div class="product-tile_detail"><div class="skeleton-loader_wrapper cursor-pointer"><!-- eslint-disable-next-line vuejs-accessibility/click-events-have-key-events --><div class="product-grid-cell_price-container"><span class="sr-only">Hebrew National 100% Kosher Beef Franks - 6 ct</span><span class="product-grid-cell_main-price"><!--v-if--> $6.99</span><!--v-if--></div><!--v-if--></div><!--v-if--></div><button class="product-tile_detail-title"><div class="skeleton-loader_wrapper"><div class="product-grid-cell_name"><a id="product-name-20005-17497327347895212" class="product-grid-cell_name-text product-grid-cell_name-text--small product-grid-cell_name-text--clamp-2" href="https://stopandshop.com/product/hebrew-national-100-kosher-beef-franks-6-ct-10.3-oz-pkg/20005" data-opens-modal="true" aria-haspopup="dialog"><!--v-if--> Hebrew National 100% Kosher Beef Franks - 6 ct</a></div><!--v-if--><!--v-if--></div><div class="skeleton-loader_wrapper"><!-- eslint-disable-next-line vuejs-accessibility/click-events-have-key-events --><div class="product-grid-cell_sizes"><span class="product-grid-cell_size">10.3 OZ PKG</span><span aria-hidden="true"> | </span><!--v-if--><span class="product-grid-cell_unit">$10.92 /LB</span></div><!--v-if--></div><!--v-if--></button><div class="product-grid-cell_promo-name"><!--v-if--><!--v-if--><!--v-if--><!--v-if--><!--v-if--></div><!--v-if--><!--v-if--><!--v-if--><!--v-if--><div class="margin-top--one"><!--v-if--><div class="pdl-add-to-cart" coupon-clipped="false"><div class="pdl-add-to-cart_button"><button class="button button--add-to-cart" aria-label="Add to cart" data-product-id="20005" data-price="6.99">Add to cart <!--v-if--></button><!--v-if--><!--v-if--><!-- Swap n Save --><!--v-if--></div><!--v-if--></div><!--v-if--><!--v-if--></div><!--v-if--></div></div><!-- MOBILE VIEW --><!--v-if--><!-- This is for xxsmall devices --><div class="mobile-product-list-cell_bottom m-4 hidden"><div class="mobile-product-list-cell_bottom_cart-ui-wrapper"><!--v-if--><div class="pdl-add-to-cart" coupon-clipped="false"><div class="pdl-add-to-cart_button"><button class="button button--add-to-cart" aria-label="Add to cart" data-product-id="20005" data-price="6.99">Add to cart <!--v-if--></button><!--v-if--><!--v-if--><!-- Swap n Save --><!--v-if--></div><!--v-if--></div><!--v-if--><!--v-if--></div><!--v-if--></div><div class="product-tile_action-items" is-typeahead="false"><!--v-if--><!--v-if--><div class="shopping-list-menu_container"><div class="relative-el"><button class="button pdl-product-detail_top-icon button--fourth pdl-product-detail_top-icon--borderless" aria-label="add to shopping list" page-view="browse aisles" title=""><!--v-if--><div class="vector-icon-size--large"><svg xmlns="http://www.w3.org/2000/svg" class="vector-icon-color--dark-grey" aria-label="Shopping List Icon Add" viewBox="0 0 32 32" role="presentation" aria-hidden="true" focusable="false"><title lang="en">Shopping List Icon Add</title><desc></desc><g fill="" stroke=""><g><path d="M21.94066,15.3368884 L21.94066,12.8931995 C21.94066,12.3409148 22.3883752,11.8931995 22.94066,11.8931995 C23.4929447,11.8931995 23.94066,12.3409148 23.94066,12.8931995 L23.94066,15.3368884 L26.2522624,15.3368884 C26.8045471,15.3368884 27.2522624,15.7846037 27.2522624,16.3368884 C27.2522624,16.8891732 26.8045471,17.3368884 26.2522624,17.3368884 L23.94066,17.3368884 L23.94066,19.8787952 C23.94066,20.43108 23.4929447,20.8787952 22.94066,20.8787952 C22.3883752,20.8787952 21.94066,20.43108 21.94066,19.8787952 L21.94066,17.3368884 L19.2666667,17.3368884 C18.7143819,17.3368884 18.2666667,16.8891732 18.2666667,16.3368884 C18.2666667,15.7846037 18.7143819,15.3368884 19.2666667,15.3368884 L21.94066,15.3368884 Z M8,12 C7.44771525,12 7,11.5522847 7,11 C7,10.4477153 7.44771525,10 8,10 L19.1153581,10 C19.6676429,10 20.1153581,10.4477153 20.1153581,11 C20.1153581,11.5522847 19.6676429,12 19.1153581,12 L8,12 Z M8,17.3368884 C7.44771525,17.3368884 7,16.8891732 7,16.3368884 C7,15.7846037 7.44771525,15.3368884 8,15.3368884 L14.7200696,15.3368884 C15.2723543,15.3368884 15.7200696,15.7846037 15.7200696,16.3368884 C15.7200696,16.8891732 15.2723543,17.3368884 14.7200696,17.3368884 L8,17.3368884 Z M8,23 C7.44771525,23 7,22.5522847 7,22 C7,21.4477153 7.44771525,21 8,21 L19.1153581,21 C19.6676429,21 20.1153581,21.4477153 20.1153581,22 C20.1153581,22.5522847 19.6676429,23 19.1153581,23 L8,23 Z" fill="#000000" fill-rule="nonzero"></path></g></g></svg></div><div class="pdl-product-detail_list-tooltip"><p class="no-wrap">Sign in to add to shopping list</p><em></em></div></button></div></div></div><!--v-if--></li><!-- eslint-disable vuejs-accessibility/mouse-events-have-key-events --><li tabindex="-1" data-product-id="21864" class="tile product-cell product-grid-cell mb-0"><!--v-if--><!--v-if--><!--v-if--><div class="product-tile_content"><!--v-if--><a href="https://stopandshop.com/product/ball-park-beef-franks-8-ct-15-oz-pkg/21864" aria-hidden="true" tabindex="-1"><div><!--v-if--><img src="data:image/svg+xml;base64,PD94bWwgdmVyc2lvbj0iMS4wIiBlbmNvZGluZz0idXRmLTgiPz4KPCEtLSBHZW5lcmF0ZWQgYnkgSWNvTW9vbi5pbyAtLT4KPCFET0NUWVBFIHN2ZyBQVUJMSUMgIi0vL1czQy8vRFREIFNWRyAxLjEvL0VOIiAiaHR0cDovL3d3dy53My5vcmcvR3JhcGhpY3MvU1ZHLzEuMS9EVEQvc3ZnMTEuZHRkIj4KPHN2ZyB2ZXJzaW9uPSIxLjEiIHhtbG5zPSJodHRwOi8vd3d3LnczLm9yZy8yMDAwL3N2ZyIgeG1sbnM6eGxpbms9Imh0dHA6Ly93d3cudzMub3JnLzE5OTkveGxpbmsiIHdpZHRoPSI0OCIgaGVpZ2h0PSI0OCIgdmlld0JveD0iMCAwIDQ4IDQ4Ij4KPGcgaWQ9Imljb21vb24taWdub3JlIj4KCTxsaW5lIHN0cm9rZS13aWR0aD0iMSIgeDE9IiIgeTE9IiIgeDI9IiIgeTI9IiIgc3Ryb2tlPSIjNDQ5RkRCIiBvcGFjaXR5PSIiPjwvbGluZT4KPC9nPgoJPHBhdGggZD0iTTM4LjQ4IDkuMDcwYzAuMjQ4IDAgMC40NSAwLjIwMiAwLjQ1IDAuNDV2MjguOTU5YzAgMC4yNDgtMC4yMDIgMC40NS0wLjQ1IDAuNDVoLTI4Ljk1OWMtMC4yNDggMC0wLjQ1LTAuMjAyLTAuNDUtMC40NXYtMjguOTU5YzAtMC4yNDggMC4yMDItMC40NSAwLjQ1LTAuNDVoMjguOTU5ek0zOC40OCA4aC0yOC45NTljLTAuODQgMC0xLjUyIDAuNjgxLTEuNTIgMS41MjF2MjguOTU5YzAgMC44NCAwLjY4MSAxLjUyMSAxLjUyIDEuNTIxaDI4Ljk1OWMwLjg0IDAgMS41Mi0wLjY4MSAxLjUyLTEuNTIxdi0yOC45NTljMC0wLjg0LTAuNjgxLTEuNTIxLTEuNTItMS41MjF2MHoiIG9wYWNpdHk9IjEiIHZpc2liaWxpdHk9ImZhbHNlIiBmaWxsPSIjZDdkN2Q3Ij48L3BhdGg+Cgk8cGF0aCBkPSJNMTIuMjI4IDM1LjIyNHYtMy4zMjljMC0wLjE0NSAwLjA1OC0wLjI4NSAwLjE2LTAuMzg4bDUuNTg3LTUuNTg3YzAuMjE0LTAuMjE0IDAuNTYxLTAuMjE0IDAuNzc1IDBsMi4xMTkgMi4xMTljMC4yMTQgMC4yMTQgMC41NjEgMC4yMTQgMC43NzUgMGw4LjE5MS04LjE5MmMwLjIxNC0wLjIxNCAwLjU2MS0wLjIxNCAwLjc3NSAwbDUgNWMwLjEwMyAwLjEwMyAwLjE2IDAuMjQyIDAuMTYgMC4zODh2OS45ODhjMCAwLjMwMy0wLjI0NSAwLjU0OC0wLjU0OCAwLjU0OGgtMjIuNDQ3Yy0wLjMwMyAwLTAuNTQ4LTAuMjQ1LTAuNTQ4LTAuNTQ4eiIgb3BhY2l0eT0iMSIgdmlzaWJpbGl0eT0iZmFsc2UiIGZpbGw9IiNkN2Q3ZDciPjwvcGF0aD4KCTxwYXRoIGQ9Ik0yMS41NDQgMTcuOTY3YzAgMS45ODItMS42MDYgMy41ODgtMy41ODggMy41ODhzLTMuNTg4LTEuNjA2LTMuNTg4LTMuNTg4YzAtMS45ODEgMS42MDYtMy41ODggMy41ODgtMy41ODhzMy41ODggMS42MDYgMy41ODggMy41ODh6IiBvcGFjaXR5PSIxIiB2aXNpYmlsaXR5PSJmYWxzZSIgZmlsbD0iI2Q3ZDdkNyI+PC9wYXRoPgo8L3N2Zz4K" alt="Ball Park Beef Franks - 8 ct 15 OZ PKG" class="product-grid-image object-contain product-grid-cell_main-image" skeleton-box-size="14rem"></div></a><div class="product-grid-cell_price-tag product-grid-cell_price-tag--full-tile"><div class="product-tile_detail"><div class="skeleton-loader_wrapper cursor-pointer"><!-- eslint-disable-next-line vuejs-accessibility/click-events-have-key-events --><div class="product-grid-cell_price-container"><span class="sr-only">Ball Park Beef Franks - 8 ct</span><span class="product-grid-cell_main-price"><!--v-if--> $6.49</span><!--v-if--></div><!--v-if--></div><!--v-if--></div><button class="product-tile_detail-title"><div class="skeleton-loader_wrapper"><div class="product-grid-cell_name"><a id="product-name-21864-17497327347918953" class="product-grid-cell_name-text product-grid-cell_name-text--small product-grid-cell_name-text--clamp-2" href="https://stopandshop.com/product/ball-park-beef-franks-8-ct-15-oz-pkg/21864" data-opens-modal="true" aria-haspopup="dialog"><!--v-if--> Ball Park Beef Franks - 8 ct</a></div><!--v-if--><!--v-if--></div><div class="skeleton-loader_wrapper"><!-- eslint-disable-next-line vuejs-accessibility/click-events-have-key-events --><div class="product-grid-cell_sizes"><span class="product-grid-cell_size">15 OZ PKG</span><span aria-hidden="true"> | </span><!--v-if--><span class="product-grid-cell_unit">$6.90 /LB</span></div><!--v-if--></div><!--v-if--></button><div class="product-grid-cell_promo-name"><!--v-if--><!--v-if--><!--v-if--><!--v-if--><!--v-if--></div><!--v-if--><!--v-if--><!--v-if--><!--v-if--><div class="margin-top--one"><!--v-if--><div class="pdl-add-to-cart" coupon-clipped="false"><div class="pdl-add-to-cart_button"><button class="button button--add-to-cart" aria-label="Add to cart" data-product-id="21864" data-price="6.49">Add to cart <!--v-if--></button><!--v-if--><!--v-if--><!-- Swap n Save --><!--v-if--></div><!--v-if--></div><!--v-if--><!--v-if--></div><!--v-if--></div></div><!-- MOBILE VIEW --><!--v-if--><!-- This is for xxsmall devices --><div class="mobile-product-list-cell_bottom m-4 hidden"><div class="mobile-product-list-cell_bottom_cart-ui-wrapper"><!--v-if--><div class="pdl-add-to-cart" coupon-clipped="false"><div class="pdl-add-to-cart_button"><button class="button button--add-to-cart" aria-label="Add to cart" data-product-id="21864" data-price="6.49">Add to cart <!--v-if--></button><!--v-if--><!--v-if--><!-- Swap n Save --><!--v-if--></div><!--v-if--></div><!--v-if--><!--v-if--></div><!--v-if--></div><div class="product-tile_action-items" is-typeahead="false"><!--v-if--><!--v-if--><div class="shopping-list-menu_container"><div class="relative-el"><button class="button pdl-product-detail_top-icon button--fourth pdl-product-detail_top-icon--borderless" aria-label="add to shopping list" page-view="browse aisles" title=""><!--v-if--><div class="vector-icon-size--large"><svg xmlns="http://www.w3.org/2000/svg" class="vector-icon-color--dark-grey" aria-label="Shopping List Icon Add" viewBox="0 0 32 32" role="presentation" aria-hidden="true" focusable="false"><title lang="en">Shopping List Icon Add</title><desc></desc><g fill="" stroke=""><g><path d="M21.94066,15.3368884 L21.94066,12.8931995 C21.94066,12.3409148 22.3883752,11.8931995 22.94066,11.8931995 C23.4929447,11.8931995 23.94066,12.3409148 23.94066,12.8931995 L23.94066,15.3368884 L26.2522624,15.3368884 C26.8045471,15.3368884 27.2522624,15.7846037 27.2522624,16.3368884 C27.2522624,16.8891732 26.8045471,17.3368884 26.2522624,17.3368884 L23.94066,17.3368884 L23.94066,19.8787952 C23.94066,20.43108 23.4929447,20.8787952 22.94066,20.8787952 C22.3883752,20.8787952 21.94066,20.43108 21.94066,19.8787952 L21.94066,17.3368884 L19.2666667,17.3368884 C18.7143819,17.3368884 18.2666667,16.8891732 18.2666667,16.3368884 C18.2666667,15.7846037 18.7143819,15.3368884 19.2666667,15.3368884 L21.94066,15.3368884 Z M8,12 C7.44771525,12 7,11.5522847 7,11 C7,10.4477153 7.44771525,10 8,10 L19.1153581,10 C19.6676429,10 20.1153581,10.4477153 20.1153581,11 C20.1153581,11.5522847 19.6676429,12 19.1153581,12 L8,12 Z M8,17.3368884 C7.44771525,17.3368884 7,16.8891732 7,16.3368884 C7,15.7846037 7.44771525,15.3368884 8,15.3368884 L14.7200696,15.3368884 C15.2723543,15.3368884 15.7200696,15.7846037 15.7200696,16.3368884 C15.7200696,16.8891732 15.2723543,17.3368884 14.7200696,17.3368884 L8,17.3368884 Z M8,23 C7.44771525,23 7,22.5522847 7,22 C7,21.4477153 7.44771525,21 8,21 L19.1153581,21 C19.6676429,21 20.1153581,21.4477153 20.1153581,22 C20.1153581,22.5522847 19.6676429,23 19.1153581,23 L8,23 Z" fill="#000000" fill-rule="nonzero"></path></g></g></svg></div><div class="pdl-product-detail_list-tooltip"><p class="no-wrap">Sign in to add to shopping list</p><em></em></div></button></div></div></div><!--v-if--></li><!-- eslint-disable vuejs-accessibility/mouse-events-have-key-events --><li tabindex="-1" data-product-id="208797" class="tile product-cell product-grid-cell mb-0"><!--v-if--><!--v-if--><!--v-if--><div class="product-tile_content"><!--v-if--><a href="https://stopandshop.com/product/stop-shop-natural-80-lean-20-fat-ground-beef-patties-8-ct-fresh-apx-2.75-lb/208797" aria-hidden="true" tabindex="-1"><div><!--v-if--><img src="data:image/svg+xml;base64,PD94bWwgdmVyc2lvbj0iMS4wIiBlbmNvZGluZz0idXRmLTgiPz4KPCEtLSBHZW5lcmF0ZWQgYnkgSWNvTW9vbi5pbyAtLT4KPCFET0NUWVBFIHN2ZyBQVUJMSUMgIi0vL1czQy8vRFREIFNWRyAxLjEvL0VOIiAiaHR0cDovL3d3dy53My5vcmcvR3JhcGhpY3MvU1ZHLzEuMS9EVEQvc3ZnMTEuZHRkIj4KPHN2ZyB2ZXJzaW9uPSIxLjEiIHhtbG5zPSJodHRwOi8vd3d3LnczLm9yZy8yMDAwL3N2ZyIgeG1sbnM6eGxpbms9Imh0dHA6Ly93d3cudzMub3JnLzE5OTkveGxpbmsiIHdpZHRoPSI0OCIgaGVpZ2h0PSI0OCIgdmlld0JveD0iMCAwIDQ4IDQ4Ij4KPGcgaWQ9Imljb21vb24taWdub3JlIj4KCTxsaW5lIHN0cm9rZS13aWR0aD0iMSIgeDE9IiIgeTE9IiIgeDI9IiIgeTI9IiIgc3Ryb2tlPSIjNDQ5RkRCIiBvcGFjaXR5PSIiPjwvbGluZT4KPC9nPgoJPHBhdGggZD0iTTM4LjQ4IDkuMDcwYzAuMjQ4IDAgMC40NSAwLjIwMiAwLjQ1IDAuNDV2MjguOTU5YzAgMC4yNDgtMC4yMDIgMC40NS0wLjQ1IDAuNDVoLTI4Ljk1OWMtMC4yNDggMC0wLjQ1LTAuMjAyLTAuNDUtMC40NXYtMjguOTU5YzAtMC4yNDggMC4yMDItMC40NSAwLjQ1LTAuNDVoMjguOTU5ek0zOC40OCA4aC0yOC45NTljLTAuODQgMC0xLjUyIDAuNjgxLTEuNTIgMS41MjF2MjguOTU5YzAgMC44NCAwLjY4MSAxLjUyMSAxLjUyIDEuNTIxaDI4Ljk1OWMwLjg0IDAgMS41Mi0wLjY4MSAxLjUyLTEuNTIxdi0yOC45NTljMC0wLjg0LTAuNjgxLTEuNTIxLTEuNTItMS41MjF2MHoiIG9wYWNpdHk9IjEiIHZpc2liaWxpdHk9ImZhbHNlIiBmaWxsPSIjZDdkN2Q3Ij48L3BhdGg+Cgk8cGF0aCBkPSJNMTIuMjI4IDM1LjIyNHYtMy4zMjljMC0wLjE0NSAwLjA1OC0wLjI4NSAwLjE2LTAuMzg4bDUuNTg3LTUuNTg3YzAuMjE0LTAuMjE0IDAuNTYxLTAuMjE0IDAuNzc1IDBsMi4xMTkgMi4xMTljMC4yMTQgMC4yMTQgMC41NjEgMC4yMTQgMC43NzUgMGw4LjE5MS04LjE5MmMwLjIxNC0wLjIxNCAwLjU2MS0wLjIxNCAwLjc3NSAwbDUgNWMwLjEwMyAwLjEwMyAwLjE2IDAuMjQyIDAuMTYgMC4zODh2OS45ODhjMCAwLjMwMy0wLjI0NSAwLjU0OC0wLjU0OCAwLjU0OGgtMjIuNDQ3Yy0wLjMwMyAwLTAuNTQ4LTAuMjQ1LTAuNTQ4LTAuNTQ4eiIgb3BhY2l0eT0iMSIgdmlzaWJpbGl0eT0iZmFsc2UiIGZpbGw9IiNkN2Q3ZDciPjwvcGF0aD4KCTxwYXRoIGQ9Ik0yMS41NDQgMTcuOTY3YzAgMS45ODItMS42MDYgMy41ODgtMy41ODggMy41ODhzLTMuNTg4LTEuNjA2LTMuNTg4LTMuNTg4YzAtMS45ODEgMS42MDYtMy41ODggMy41ODgtMy41ODhzMy41ODggMS42MDYgMy41ODggMy41ODh6IiBvcGFjaXR5PSIxIiB2aXNpYmlsaXR5PSJmYWxzZSIgZmlsbD0iI2Q3ZDdkNyI+PC9wYXRoPgo8L3N2Zz4K" alt="Stop &amp; Shop Natural 80% Lean 20% Fat Ground Beef Patties - 8 ct Fresh APX 2.75 LB" class="product-grid-image object-contain product-grid-cell_main-image" skeleton-box-size="14rem"></div></a><div class="product-grid-cell_price-tag product-grid-cell_price-tag--full-tile"><div class="product-tile_detail"><div class="skeleton-loader_wrapper cursor-pointer"><!-- eslint-disable-next-line vuejs-accessibility/click-events-have-key-events --><div class="product-grid-cell_price-container"><span class="sr-only">Stop &amp; Shop Natural 80% Lean 20% Fat Ground Beef Patties - 8 ct Fresh</span><span class="product-grid-cell_main-price"><!--v-if--> $17.30</span><!--v-if--></div><!--v-if--></div><!--v-if--></div><button class="product-tile_detail-title"><div class="skeleton-loader_wrapper"><div class="product-grid-cell_name"><a id="product-name-208797-17497327347922326" class="product-grid-cell_name-text product-grid-cell_name-text--small product-grid-cell_name-text--clamp-2" href="https://stopandshop.com/product/stop-shop-natural-80-lean-20-fat-ground-beef-patties-8-ct-fresh-apx-2.75-lb/208797" data-opens-modal="true" aria-haspopup="dialog"><span class="vector-icon_inline-text--left mr-0"><div class="vector-icon-size--xsmall"><svg xmlns="http://www.w3.org/2000/svg" class="" aria-label="Ahold Icon" viewBox="0 0 1024 945" role="presentation" aria-hidden="true" focusable="false"><title lang="en">Ahold Icon</title><desc></desc><g fill="" stroke=""><g><path d="M1.893 730.617c-1.289-2.094-2.052-4.631-2.052-7.346 0-.747.058-1.481.169-2.197.158-12.396 10.227-22.466 22.687-22.634h895.306c12.476.168 22.545 10.237 22.713 22.698-.521 3.721-1.182 6.924-2.024 10.053l.131-.574c-86.363 175.072-263.598 293.385-468.466 293.385S88.254 905.689 3.252 733.663l-1.361-3.046z" class="path1" fill="#F7A800"></path><path d="M107.889 132.495c1.893-1.893 1.893-3.786 3.786-5.678 2.98-3.491 7.385-5.69 12.303-5.69s9.323 2.199 12.284 5.668l.019.022L613.264 603.8c3.491 2.98 5.69 7.385 5.69 12.303s-2.199 9.323-5.668 12.284c-1.399 1.869-3.361 3.216-5.631 3.789l-.069.015c-38.446 13.732-82.796 21.669-129.001 21.669-108.416 0-206.626-43.699-277.977-114.443C130.241 467.591 86.799 369.1 86.799 260.462c0-45.803 7.722-89.803 21.936-130.767l-.845 2.8z" class="path2" fill="#E2231A"></path><path d="M600.015 1.893a6.922 6.922 0 0 1 5.713-1.889c.057-.006.164-.007.272-.007 7.15 0 12.947 5.796 12.947 12.947 0 .108-.001.215-.004.322v-.016 503.482c.002.091.004.199.004.306 0 7.15-5.796 12.947-12.947 12.947-.108 0-.215-.001-.322-.004a6.925 6.925 0 0 1-5.665-1.895l.002.002c-98.273-48.542-164.673-148.065-164.673-263.098S501.743 50.434 598.306 2.657l1.709-.765z" class="path3" fill="#712177"></path><path d="M938.824 283.919c1.893 0 1.893 1.893 3.786 1.893 1.765 2.012 2.841 4.666 2.841 7.571s-1.077 5.559-2.853 7.584l.011-.013-268.776 266.884c-2.012 1.765-4.666 2.841-7.571 2.841s-5.559-1.077-7.584-2.853a3.774 3.774 0 0 1-1.877-3.793l-.002.019c-7.681-21.529-12.12-46.363-12.12-72.235 0-61.263 24.891-116.712 65.111-156.786 39.326-39.792 93.895-64.431 154.219-64.431 26.857 0 52.573 4.884 76.309 13.812l-1.494-.493z" class="path4" fill="#82BC00"></path></g></g></svg></div></span> Stop &amp; Shop Natural 80% Lean 20% Fat Ground Beef Patties - 8 ct Fresh</a></div><!--v-if--><!--v-if--></div><div class="skeleton-loader_wrapper"><!-- eslint-disable-next-line vuejs-accessibility/click-events-have-key-events --><div class="product-grid-cell_sizes"><span class="product-grid-cell_size">APX 2.75 LB</span><span aria-hidden="true"> | </span><!--v-if--><span class="product-grid-cell_unit">$6.29 /LB</span></div><!--v-if--></div><!--v-if--></button><div class="product-grid-cell_promo-name"><!--v-if--><!--v-if--><!--v-if--><!--v-if--><!--v-if--></div><!--v-if--><!--v-if--><!--v-if--><!--v-if--><div class="margin-top--one"><!--v-if--><div class="pdl-add-to-cart" coupon-clipped="false"><div class="pdl-add-to-cart_button"><button class="button button--add-to-cart" aria-label="Add to cart" data-product-id="208797" data-price="17.3">Add to cart <!--v-if--></button><!--v-if--><!--v-if--><!-- Swap n Save --><!--v-if--></div><!--v-if--></div><!--v-if--><!--v-if--></div><!--v-if--></div></div><!-- MOBILE VIEW --><!--v-if--><!-- This is for xxsmall devices --><div class="mobile-product-list-cell_bottom m-4 hidden"><div class="mobile-product-list-cell_bottom_cart-ui-wrapper"><!--v-if--><div class="pdl-add-to-cart" coupon-clipped="false"><div class="pdl-add-to-cart_button"><button class="button button--add-to-cart" aria-label="Add to cart" data-product-id="208797" data-price="17.3">Add to cart <!--v-if--></button><!--v-if--><!--v-if--><!-- Swap n Save --><!--v-if--></div><!--v-if--></div><!--v-if--><!--v-if--></div><!--v-if--></div><div class="product-tile_action-items" is-typeahead="false"><!--v-if--><!--v-if--><div class="shopping-list-menu_container"><div class="relative-el"><button class="button pdl-product-detail_top-icon button--fourth pdl-product-detail_top-icon--borderless" aria-label="add to shopping list" page-view="browse aisles" title=""><!--v-if--><div class="vector-icon-size--large"><svg xmlns="http://www.w3.org/2000/svg" class="vector-icon-color--dark-grey" aria-label="Shopping List Icon Add" viewBox="0 0 32 32" role="presentation" aria-hidden="true" focusable="false"><title lang="en">Shopping List Icon Add</title><desc></desc><g fill="" stroke=""><g><path d="M21.94066,15.3368884 L21.94066,12.8931995 C21.94066,12.3409148 22.3883752,11.8931995 22.94066,11.8931995 C23.4929447,11.8931995 23.94066,12.3409148 23.94066,12.8931995 L23.94066,15.3368884 L26.2522624,15.3368884 C26.8045471,15.3368884 27.2522624,15.7846037 27.2522624,16.3368884 C27.2522624,16.8891732 26.8045471,17.3368884 26.2522624,17.3368884 L23.94066,17.3368884 L23.94066,19.8787952 C23.94066,20.43108 23.4929447,20.8787952 22.94066,20.8787952 C22.3883752,20.8787952 21.94066,20.43108 21.94066,19.8787952 L21.94066,17.3368884 L19.2666667,17.3368884 C18.7143819,17.3368884 18.2666667,16.8891732 18.2666667,16.3368884 C18.2666667,15.7846037 18.7143819,15.3368884 19.2666667,15.3368884 L21.94066,15.3368884 Z M8,12 C7.44771525,12 7,11.5522847 7,11 C7,10.4477153 7.44771525,10 8,10 L19.1153581,10 C19.6676429,10 20.1153581,10.4477153 20.1153581,11 C20.1153581,11.5522847 19.6676429,12 19.1153581,12 L8,12 Z M8,17.3368884 C7.44771525,17.3368884 7,16.8891732 7,16.3368884 C7,15.7846037 7.44771525,15.3368884 8,15.3368884 L14.7200696,15.3368884 C15.2723543,15.3368884 15.7200696,15.7846037 15.7200696,16.3368884 C15.7200696,16.8891732 15.2723543,17.3368884 14.7200696,17.3368884 L8,17.3368884 Z M8,23 C7.44771525,23 7,22.5522847 7,22 C7,21.4477153 7.44771525,21 8,21 L19.1153581,21 C19.6676429,21 20.1153581,21.4477153 20.1153581,22 C20.1153581,22.5522847 19.6676429,23 19.1153581,23 L8,23 Z" fill="#000000" fill-rule="nonzero"></path></g></g></svg></div><div class="pdl-product-detail_list-tooltip"><p class="no-wrap">Sign in to add to shopping list</p><em></em></div></button></div></div></div><!--v-if--></li><!--v-if--></ul><!--v-if--><!--v-if--><!--v-if--><!--v-if--></div><div tabindex="-1" class="pdl-carousel_item zone-block_carousel-item" style="height: auto; width: 697px;"><ul class="product-list product-list-triple pt-0 pdl-carousel_content" islastslide="false" itemcountpriorslide="[object Object]" index="2" style="height: auto;"><!-- eslint-disable vuejs-accessibility/mouse-events-have-key-events --><li tabindex="-1" data-product-id="140219" class="tile product-cell product-grid-cell mb-0"><!--v-if--><!--v-if--><!--v-if--><div class="product-tile_content"><!--v-if--><a href="https://stopandshop.com/product/bubba-burger-original-1-3-lb-beef-chuck-patties-6-ct-frozen-2-lb-box/140219" aria-hidden="true" tabindex="-1"><div><!--v-if--><img src="data:image/svg+xml;base64,PD94bWwgdmVyc2lvbj0iMS4wIiBlbmNvZGluZz0idXRmLTgiPz4KPCEtLSBHZW5lcmF0ZWQgYnkgSWNvTW9vbi5pbyAtLT4KPCFET0NUWVBFIHN2ZyBQVUJMSUMgIi0vL1czQy8vRFREIFNWRyAxLjEvL0VOIiAiaHR0cDovL3d3dy53My5vcmcvR3JhcGhpY3MvU1ZHLzEuMS9EVEQvc3ZnMTEuZHRkIj4KPHN2ZyB2ZXJzaW9uPSIxLjEiIHhtbG5zPSJodHRwOi8vd3d3LnczLm9yZy8yMDAwL3N2ZyIgeG1sbnM6eGxpbms9Imh0dHA6Ly93d3cudzMub3JnLzE5OTkveGxpbmsiIHdpZHRoPSI0OCIgaGVpZ2h0PSI0OCIgdmlld0JveD0iMCAwIDQ4IDQ4Ij4KPGcgaWQ9Imljb21vb24taWdub3JlIj4KCTxsaW5lIHN0cm9rZS13aWR0aD0iMSIgeDE9IiIgeTE9IiIgeDI9IiIgeTI9IiIgc3Ryb2tlPSIjNDQ5RkRCIiBvcGFjaXR5PSIiPjwvbGluZT4KPC9nPgoJPHBhdGggZD0iTTM4LjQ4IDkuMDcwYzAuMjQ4IDAgMC40NSAwLjIwMiAwLjQ1IDAuNDV2MjguOTU5YzAgMC4yNDgtMC4yMDIgMC40NS0wLjQ1IDAuNDVoLTI4Ljk1OWMtMC4yNDggMC0wLjQ1LTAuMjAyLTAuNDUtMC40NXYtMjguOTU5YzAtMC4yNDggMC4yMDItMC40NSAwLjQ1LTAuNDVoMjguOTU5ek0zOC40OCA4aC0yOC45NTljLTAuODQgMC0xLjUyIDAuNjgxLTEuNTIgMS41MjF2MjguOTU5YzAgMC44NCAwLjY4MSAxLjUyMSAxLjUyIDEuNTIxaDI4Ljk1OWMwLjg0IDAgMS41Mi0wLjY4MSAxLjUyLTEuNTIxdi0yOC45NTljMC0wLjg0LTAuNjgxLTEuNTIxLTEuNTItMS41MjF2MHoiIG9wYWNpdHk9IjEiIHZpc2liaWxpdHk9ImZhbHNlIiBmaWxsPSIjZDdkN2Q3Ij48L3BhdGg+Cgk8cGF0aCBkPSJNMTIuMjI4IDM1LjIyNHYtMy4zMjljMC0wLjE0NSAwLjA1OC0wLjI4NSAwLjE2LTAuMzg4bDUuNTg3LTUuNTg3YzAuMjE0LTAuMjE0IDAuNTYxLTAuMjE0IDAuNzc1IDBsMi4xMTkgMi4xMTljMC4yMTQgMC4yMTQgMC41NjEgMC4yMTQgMC43NzUgMGw4LjE5MS04LjE5MmMwLjIxNC0wLjIxNCAwLjU2MS0wLjIxNCAwLjc3NSAwbDUgNWMwLjEwMyAwLjEwMyAwLjE2IDAuMjQyIDAuMTYgMC4zODh2OS45ODhjMCAwLjMwMy0wLjI0NSAwLjU0OC0wLjU0OCAwLjU0OGgtMjIuNDQ3Yy0wLjMwMyAwLTAuNTQ4LTAuMjQ1LTAuNTQ4LTAuNTQ4eiIgb3BhY2l0eT0iMSIgdmlzaWJpbGl0eT0iZmFsc2UiIGZpbGw9IiNkN2Q3ZDciPjwvcGF0aD4KCTxwYXRoIGQ9Ik0yMS41NDQgMTcuOTY3YzAgMS45ODItMS42MDYgMy41ODgtMy41ODggMy41ODhzLTMuNTg4LTEuNjA2LTMuNTg4LTMuNTg4YzAtMS45ODEgMS42MDYtMy41ODggMy41ODgtMy41ODhzMy41ODggMS42MDYgMy41ODggMy41ODh6IiBvcGFjaXR5PSIxIiB2aXNpYmlsaXR5PSJmYWxzZSIgZmlsbD0iI2Q3ZDdkNyI+PC9wYXRoPgo8L3N2Zz4K" alt="Bubba Burger Original 1/3 lb Beef Chuck Patties - 6 ct Frozen 2 LB BOX" class="product-grid-image object-contain product-grid-cell_main-image" skeleton-box-size="14rem"></div></a><div class="product-grid-cell_price-tag product-grid-cell_price-tag--full-tile"><div class="product-tile_detail"><div class="skeleton-loader_wrapper cursor-pointer"><!-- eslint-disable-next-line vuejs-accessibility/click-events-have-key-events --><div class="product-grid-cell_price-container"><span class="sr-only">Bubba Burger Original 1/3 lb Beef Chuck Patties - 6 ct Frozen</span><span class="product-grid-cell_main-price"><!--v-if--> $16.99</span><!--v-if--></div><!--v-if--></div><!--v-if--></div><button class="product-tile_detail-title"><div class="skeleton-loader_wrapper"><div class="product-grid-cell_name"><a id="product-name-140219-17497327347947293" class="product-grid-cell_name-text product-grid-cell_name-text--small product-grid-cell_name-text--clamp-2" href="https://stopandshop.com/product/bubba-burger-original-1-3-lb-beef-chuck-patties-6-ct-frozen-2-lb-box/140219" data-opens-modal="true" aria-haspopup="dialog"><!--v-if--> Bubba Burger Original 1/3 lb Beef Chuck Patties - 6 ct Frozen</a></div><!--v-if--><!--v-if--></div><div class="skeleton-loader_wrapper"><!-- eslint-disable-next-line vuejs-accessibility/click-events-have-key-events --><div class="product-grid-cell_sizes"><span class="product-grid-cell_size">2 LB BOX</span><span aria-hidden="true"> | </span><!--v-if--><span class="product-grid-cell_unit">$8.49 /LB</span></div><!--v-if--></div><!--v-if--></button><div class="product-grid-cell_promo-name"><!--v-if--><!--v-if--><!--v-if--><!--v-if--><!--v-if--></div><!--v-if--><!--v-if--><!--v-if--><!--v-if--><div class="margin-top--one"><!--v-if--><div class="pdl-add-to-cart" coupon-clipped="false"><div class="pdl-add-to-cart_button"><button class="button button--add-to-cart" aria-label="Add to cart" data-product-id="140219" data-price="16.99">Add to cart <!--v-if--></button><!--v-if--><!--v-if--><!-- Swap n Save --><!--v-if--></div><!--v-if--></div><!--v-if--><!--v-if--></div><!--v-if--></div></div><!-- MOBILE VIEW --><!--v-if--><!-- This is for xxsmall devices --><div class="mobile-product-list-cell_bottom m-4 hidden"><div class="mobile-product-list-cell_bottom_cart-ui-wrapper"><!--v-if--><div class="pdl-add-to-cart" coupon-clipped="false"><div class="pdl-add-to-cart_button"><button class="button button--add-to-cart" aria-label="Add to cart" data-product-id="140219" data-price="16.99">Add to cart <!--v-if--></button><!--v-if--><!--v-if--><!-- Swap n Save --><!--v-if--></div><!--v-if--></div><!--v-if--><!--v-if--></div><!--v-if--></div><div class="product-tile_action-items" is-typeahead="false"><!--v-if--><!--v-if--><div class="shopping-list-menu_container"><div class="relative-el"><button class="button pdl-product-detail_top-icon button--fourth pdl-product-detail_top-icon--borderless" aria-label="add to shopping list" page-view="browse aisles" title=""><!--v-if--><div class="vector-icon-size--large"><svg xmlns="http://www.w3.org/2000/svg" class="vector-icon-color--dark-grey" aria-label="Shopping List Icon Add" viewBox="0 0 32 32" role="presentation" aria-hidden="true" focusable="false"><title lang="en">Shopping List Icon Add</title><desc></desc><g fill="" stroke=""><g><path d="M21.94066,15.3368884 L21.94066,12.8931995 C21.94066,12.3409148 22.3883752,11.8931995 22.94066,11.8931995 C23.4929447,11.8931995 23.94066,12.3409148 23.94066,12.8931995 L23.94066,15.3368884 L26.2522624,15.3368884 C26.8045471,15.3368884 27.2522624,15.7846037 27.2522624,16.3368884 C27.2522624,16.8891732 26.8045471,17.3368884 26.2522624,17.3368884 L23.94066,17.3368884 L23.94066,19.8787952 C23.94066,20.43108 23.4929447,20.8787952 22.94066,20.8787952 C22.3883752,20.8787952 21.94066,20.43108 21.94066,19.8787952 L21.94066,17.3368884 L19.2666667,17.3368884 C18.7143819,17.3368884 18.2666667,16.8891732 18.2666667,16.3368884 C18.2666667,15.7846037 18.7143819,15.3368884 19.2666667,15.3368884 L21.94066,15.3368884 Z M8,12 C7.44771525,12 7,11.5522847 7,11 C7,10.4477153 7.44771525,10 8,10 L19.1153581,10 C19.6676429,10 20.1153581,10.4477153 20.1153581,11 C20.1153581,11.5522847 19.6676429,12 19.1153581,12 L8,12 Z M8,17.3368884 C7.44771525,17.3368884 7,16.8891732 7,16.3368884 C7,15.7846037 7.44771525,15.3368884 8,15.3368884 L14.7200696,15.3368884 C15.2723543,15.3368884 15.7200696,15.7846037 15.7200696,16.3368884 C15.7200696,16.8891732 15.2723543,17.3368884 14.7200696,17.3368884 L8,17.3368884 Z M8,23 C7.44771525,23 7,22.5522847 7,22 C7,21.4477153 7.44771525,21 8,21 L19.1153581,21 C19.6676429,21 20.1153581,21.4477153 20.1153581,22 C20.1153581,22.5522847 19.6676429,23 19.1153581,23 L8,23 Z" fill="#000000" fill-rule="nonzero"></path></g></g></svg></div><div class="pdl-product-detail_list-tooltip"><p class="no-wrap">Sign in to add to shopping list</p><em></em></div></button></div></div></div><!--v-if--></li><!-- eslint-disable vuejs-accessibility/mouse-events-have-key-events --><li tabindex="-1" data-product-id="37088" class="tile product-cell product-grid-cell mb-0"><!--v-if--><!--v-if--><!--v-if--><div class="product-tile_content"><!--v-if--><a href="https://stopandshop.com/product/nathans-famous-skinless-beef-franks-8-ct-12-oz-pkg/37088" aria-hidden="true" tabindex="-1"><div><!--v-if--><img src="data:image/svg+xml;base64,PD94bWwgdmVyc2lvbj0iMS4wIiBlbmNvZGluZz0idXRmLTgiPz4KPCEtLSBHZW5lcmF0ZWQgYnkgSWNvTW9vbi5pbyAtLT4KPCFET0NUWVBFIHN2ZyBQVUJMSUMgIi0vL1czQy8vRFREIFNWRyAxLjEvL0VOIiAiaHR0cDovL3d3dy53My5vcmcvR3JhcGhpY3MvU1ZHLzEuMS9EVEQvc3ZnMTEuZHRkIj4KPHN2ZyB2ZXJzaW9uPSIxLjEiIHhtbG5zPSJodHRwOi8vd3d3LnczLm9yZy8yMDAwL3N2ZyIgeG1sbnM6eGxpbms9Imh0dHA6Ly93d3cudzMub3JnLzE5OTkveGxpbmsiIHdpZHRoPSI0OCIgaGVpZ2h0PSI0OCIgdmlld0JveD0iMCAwIDQ4IDQ4Ij4KPGcgaWQ9Imljb21vb24taWdub3JlIj4KCTxsaW5lIHN0cm9rZS13aWR0aD0iMSIgeDE9IiIgeTE9IiIgeDI9IiIgeTI9IiIgc3Ryb2tlPSIjNDQ5RkRCIiBvcGFjaXR5PSIiPjwvbGluZT4KPC9nPgoJPHBhdGggZD0iTTM4LjQ4IDkuMDcwYzAuMjQ4IDAgMC40NSAwLjIwMiAwLjQ1IDAuNDV2MjguOTU5YzAgMC4yNDgtMC4yMDIgMC40NS0wLjQ1IDAuNDVoLTI4Ljk1OWMtMC4yNDggMC0wLjQ1LTAuMjAyLTAuNDUtMC40NXYtMjguOTU5YzAtMC4yNDggMC4yMDItMC40NSAwLjQ1LTAuNDVoMjguOTU5ek0zOC40OCA4aC0yOC45NTljLTAuODQgMC0xLjUyIDAuNjgxLTEuNTIgMS41MjF2MjguOTU5YzAgMC44NCAwLjY4MSAxLjUyMSAxLjUyIDEuNTIxaDI4Ljk1OWMwLjg0IDAgMS41Mi0wLjY4MSAxLjUyLTEuNTIxdi0yOC45NTljMC0wLjg0LTAuNjgxLTEuNTIxLTEuNTItMS41MjF2MHoiIG9wYWNpdHk9IjEiIHZpc2liaWxpdHk9ImZhbHNlIiBmaWxsPSIjZDdkN2Q3Ij48L3BhdGg+Cgk8cGF0aCBkPSJNMTIuMjI4IDM1LjIyNHYtMy4zMjljMC0wLjE0NSAwLjA1OC0wLjI4NSAwLjE2LTAuMzg4bDUuNTg3LTUuNTg3YzAuMjE0LTAuMjE0IDAuNTYxLTAuMjE0IDAuNzc1IDBsMi4xMTkgMi4xMTljMC4yMTQgMC4yMTQgMC41NjEgMC4yMTQgMC43NzUgMGw4LjE5MS04LjE5MmMwLjIxNC0wLjIxNCAwLjU2MS0wLjIxNCAwLjc3NSAwbDUgNWMwLjEwMyAwLjEwMyAwLjE2IDAuMjQyIDAuMTYgMC4zODh2OS45ODhjMCAwLjMwMy0wLjI0NSAwLjU0OC0wLjU0OCAwLjU0OGgtMjIuNDQ3Yy0wLjMwMyAwLTAuNTQ4LTAuMjQ1LTAuNTQ4LTAuNTQ4eiIgb3BhY2l0eT0iMSIgdmlzaWJpbGl0eT0iZmFsc2UiIGZpbGw9IiNkN2Q3ZDciPjwvcGF0aD4KCTxwYXRoIGQ9Ik0yMS41NDQgMTcuOTY3YzAgMS45ODItMS42MDYgMy41ODgtMy41ODggMy41ODhzLTMuNTg4LTEuNjA2LTMuNTg4LTMuNTg4YzAtMS45ODEgMS42MDYtMy41ODggMy41ODgtMy41ODhzMy41ODggMS42MDYgMy41ODggMy41ODh6IiBvcGFjaXR5PSIxIiB2aXNpYmlsaXR5PSJmYWxzZSIgZmlsbD0iI2Q3ZDdkNyI+PC9wYXRoPgo8L3N2Zz4K" alt="Nathan&#39;s Famous Skinless Beef Franks - 8 ct 12 OZ PKG" class="product-grid-image object-contain product-grid-cell_main-image" skeleton-box-size="14rem"></div></a><div class="product-grid-cell_price-tag product-grid-cell_price-tag--full-tile"><div class="product-tile_detail"><div class="skeleton-loader_wrapper cursor-pointer"><!-- eslint-disable-next-line vuejs-accessibility/click-events-have-key-events --><div class="product-grid-cell_price-container"><span class="sr-only">Nathan's Famous Skinless Beef Franks - 8 ct</span><span class="product-grid-cell_main-price"><!--v-if--> $7.99</span><!--v-if--></div><!--v-if--></div><!--v-if--></div><button class="product-tile_detail-title"><div class="skeleton-loader_wrapper"><div class="product-grid-cell_name"><a id="product-name-37088-17497327347957933" class="product-grid-cell_name-text product-grid-cell_name-text--small product-grid-cell_name-text--clamp-2" href="https://stopandshop.com/product/nathans-famous-skinless-beef-franks-8-ct-12-oz-pkg/37088" data-opens-modal="true" aria-haspopup="dialog"><!--v-if--> Nathan's Famous Skinless Beef Franks - 8 ct</a></div><!--v-if--><!--v-if--></div><div class="skeleton-loader_wrapper"><!-- eslint-disable-next-line vuejs-accessibility/click-events-have-key-events --><div class="product-grid-cell_sizes"><span class="product-grid-cell_size">12 OZ PKG</span><span aria-hidden="true"> | </span><!--v-if--><span class="product-grid-cell_unit">$10.65 /LB</span></div><!--v-if--></div><!--v-if--></button><div class="product-grid-cell_promo-name"><!--v-if--><!--v-if--><!--v-if--><!--v-if--><!--v-if--></div><!--v-if--><!--v-if--><!--v-if--><!--v-if--><div class="margin-top--one"><!--v-if--><div class="pdl-add-to-cart" coupon-clipped="false"><div class="pdl-add-to-cart_button"><button class="button button--add-to-cart" aria-label="Add to cart" data-product-id="37088" data-price="7.99">Add to cart <!--v-if--></button><!--v-if--><!--v-if--><!-- Swap n Save --><!--v-if--></div><!--v-if--></div><!--v-if--><!--v-if--></div><!--v-if--></div></div><!-- MOBILE VIEW --><!--v-if--><!-- This is for xxsmall devices --><div class="mobile-product-list-cell_bottom m-4 hidden"><div class="mobile-product-list-cell_bottom_cart-ui-wrapper"><!--v-if--><div class="pdl-add-to-cart" coupon-clipped="false"><div class="pdl-add-to-cart_button"><button class="button button--add-to-cart" aria-label="Add to cart" data-product-id="37088" data-price="7.99">Add to cart <!--v-if--></button><!--v-if--><!--v-if--><!-- Swap n Save --><!--v-if--></div><!--v-if--></div><!--v-if--><!--v-if--></div><!--v-if--></div><div class="product-tile_action-items" is-typeahead="false"><!--v-if--><!--v-if--><div class="shopping-list-menu_container"><div class="relative-el"><button class="button pdl-product-detail_top-icon button--fourth pdl-product-detail_top-icon--borderless" aria-label="add to shopping list" page-view="browse aisles" title=""><!--v-if--><div class="vector-icon-size--large"><svg xmlns="http://www.w3.org/2000/svg" class="vector-icon-color--dark-grey" aria-label="Shopping List Icon Add" viewBox="0 0 32 32" role="presentation" aria-hidden="true" focusable="false"><title lang="en">Shopping List Icon Add</title><desc></desc><g fill="" stroke=""><g><path d="M21.94066,15.3368884 L21.94066,12.8931995 C21.94066,12.3409148 22.3883752,11.8931995 22.94066,11.8931995 C23.4929447,11.8931995 23.94066,12.3409148 23.94066,12.8931995 L23.94066,15.3368884 L26.2522624,15.3368884 C26.8045471,15.3368884 27.2522624,15.7846037 27.2522624,16.3368884 C27.2522624,16.8891732 26.8045471,17.3368884 26.2522624,17.3368884 L23.94066,17.3368884 L23.94066,19.8787952 C23.94066,20.43108 23.4929447,20.8787952 22.94066,20.8787952 C22.3883752,20.8787952 21.94066,20.43108 21.94066,19.8787952 L21.94066,17.3368884 L19.2666667,17.3368884 C18.7143819,17.3368884 18.2666667,16.8891732 18.2666667,16.3368884 C18.2666667,15.7846037 18.7143819,15.3368884 19.2666667,15.3368884 L21.94066,15.3368884 Z M8,12 C7.44771525,12 7,11.5522847 7,11 C7,10.4477153 7.44771525,10 8,10 L19.1153581,10 C19.6676429,10 20.1153581,10.4477153 20.1153581,11 C20.1153581,11.5522847 19.6676429,12 19.1153581,12 L8,12 Z M8,17.3368884 C7.44771525,17.3368884 7,16.8891732 7,16.3368884 C7,15.7846037 7.44771525,15.3368884 8,15.3368884 L14.7200696,15.3368884 C15.2723543,15.3368884 15.7200696,15.7846037 15.7200696,16.3368884 C15.7200696,16.8891732 15.2723543,17.3368884 14.7200696,17.3368884 L8,17.3368884 Z M8,23 C7.44771525,23 7,22.5522847 7,22 C7,21.4477153 7.44771525,21 8,21 L19.1153581,21 C19.6676429,21 20.1153581,21.4477153 20.1153581,22 C20.1153581,22.5522847 19.6676429,23 19.1153581,23 L8,23 Z" fill="#000000" fill-rule="nonzero"></path></g></g></svg></div><div class="pdl-product-detail_list-tooltip"><p class="no-wrap">Sign in to add to shopping list</p><em></em></div></button></div></div></div><!--v-if--></li><!-- eslint-disable vuejs-accessibility/mouse-events-have-key-events --><li tabindex="-1" data-product-id="74915" class="tile product-cell product-grid-cell mb-0"><!--v-if--><!--v-if--><!--v-if--><div class="product-tile_content"><!--v-if--><a href="https://stopandshop.com/product/ball-park-bun-size-beef-franks-8-ct-15-oz-pkg/74915" aria-hidden="true" tabindex="-1"><div><!--v-if--><img src="data:image/svg+xml;base64,PD94bWwgdmVyc2lvbj0iMS4wIiBlbmNvZGluZz0idXRmLTgiPz4KPCEtLSBHZW5lcmF0ZWQgYnkgSWNvTW9vbi5pbyAtLT4KPCFET0NUWVBFIHN2ZyBQVUJMSUMgIi0vL1czQy8vRFREIFNWRyAxLjEvL0VOIiAiaHR0cDovL3d3dy53My5vcmcvR3JhcGhpY3MvU1ZHLzEuMS9EVEQvc3ZnMTEuZHRkIj4KPHN2ZyB2ZXJzaW9uPSIxLjEiIHhtbG5zPSJodHRwOi8vd3d3LnczLm9yZy8yMDAwL3N2ZyIgeG1sbnM6eGxpbms9Imh0dHA6Ly93d3cudzMub3JnLzE5OTkveGxpbmsiIHdpZHRoPSI0OCIgaGVpZ2h0PSI0OCIgdmlld0JveD0iMCAwIDQ4IDQ4Ij4KPGcgaWQ9Imljb21vb24taWdub3JlIj4KCTxsaW5lIHN0cm9rZS13aWR0aD0iMSIgeDE9IiIgeTE9IiIgeDI9IiIgeTI9IiIgc3Ryb2tlPSIjNDQ5RkRCIiBvcGFjaXR5PSIiPjwvbGluZT4KPC9nPgoJPHBhdGggZD0iTTM4LjQ4IDkuMDcwYzAuMjQ4IDAgMC40NSAwLjIwMiAwLjQ1IDAuNDV2MjguOTU5YzAgMC4yNDgtMC4yMDIgMC40NS0wLjQ1IDAuNDVoLTI4Ljk1OWMtMC4yNDggMC0wLjQ1LTAuMjAyLTAuNDUtMC40NXYtMjguOTU5YzAtMC4yNDggMC4yMDItMC40NSAwLjQ1LTAuNDVoMjguOTU5ek0zOC40OCA4aC0yOC45NTljLTAuODQgMC0xLjUyIDAuNjgxLTEuNTIgMS41MjF2MjguOTU5YzAgMC44NCAwLjY4MSAxLjUyMSAxLjUyIDEuNTIxaDI4Ljk1OWMwLjg0IDAgMS41Mi0wLjY4MSAxLjUyLTEuNTIxdi0yOC45NTljMC0wLjg0LTAuNjgxLTEuNTIxLTEuNTItMS41MjF2MHoiIG9wYWNpdHk9IjEiIHZpc2liaWxpdHk9ImZhbHNlIiBmaWxsPSIjZDdkN2Q3Ij48L3BhdGg+Cgk8cGF0aCBkPSJNMTIuMjI4IDM1LjIyNHYtMy4zMjljMC0wLjE0NSAwLjA1OC0wLjI4NSAwLjE2LTAuMzg4bDUuNTg3LTUuNTg3YzAuMjE0LTAuMjE0IDAuNTYxLTAuMjE0IDAuNzc1IDBsMi4xMTkgMi4xMTljMC4yMTQgMC4yMTQgMC41NjEgMC4yMTQgMC43NzUgMGw4LjE5MS04LjE5MmMwLjIxNC0wLjIxNCAwLjU2MS0wLjIxNCAwLjc3NSAwbDUgNWMwLjEwMyAwLjEwMyAwLjE2IDAuMjQyIDAuMTYgMC4zODh2OS45ODhjMCAwLjMwMy0wLjI0NSAwLjU0OC0wLjU0OCAwLjU0OGgtMjIuNDQ3Yy0wLjMwMyAwLTAuNTQ4LTAuMjQ1LTAuNTQ4LTAuNTQ4eiIgb3BhY2l0eT0iMSIgdmlzaWJpbGl0eT0iZmFsc2UiIGZpbGw9IiNkN2Q3ZDciPjwvcGF0aD4KCTxwYXRoIGQ9Ik0yMS41NDQgMTcuOTY3YzAgMS45ODItMS42MDYgMy41ODgtMy41ODggMy41ODhzLTMuNTg4LTEuNjA2LTMuNTg4LTMuNTg4YzAtMS45ODEgMS42MDYtMy41ODggMy41ODgtMy41ODhzMy41ODggMS42MDYgMy41ODggMy41ODh6IiBvcGFjaXR5PSIxIiB2aXNpYmlsaXR5PSJmYWxzZSIgZmlsbD0iI2Q3ZDdkNyI+PC9wYXRoPgo8L3N2Zz4K" alt="Ball Park Bun Size Beef Franks - 8 ct 15 OZ PKG" class="product-grid-image object-contain product-grid-cell_main-image" skeleton-box-size="14rem"></div></a><div class="product-grid-cell_price-tag product-grid-cell_price-tag--full-tile"><div class="product-tile_detail"><div class="skeleton-loader_wrapper cursor-pointer"><!-- eslint-disable-next-line vuejs-accessibility/click-events-have-key-events --><div class="product-grid-cell_price-container"><span class="sr-only">Ball Park Bun Size Beef Franks - 8 ct</span><span class="product-grid-cell_main-price"><!--v-if--> $6.49</span><!--v-if--></div><!--v-if--></div><!--v-if--></div><button class="product-tile_detail-title"><div class="skeleton-loader_wrapper"><div class="product-grid-cell_name"><a id="product-name-74915-17497327347963386" class="product-grid-cell_name-text product-grid-cell_name-text--small product-grid-cell_name-text--clamp-2" href="https://stopandshop.com/product/ball-park-bun-size-beef-franks-8-ct-15-oz-pkg/74915" data-opens-modal="true" aria-haspopup="dialog"><!--v-if--> Ball Park Bun Size Beef Franks - 8 ct</a></div><!--v-if--><!--v-if--></div><div class="skeleton-loader_wrapper"><!-- eslint-disable-next-line vuejs-accessibility/click-events-have-key-events --><div class="product-grid-cell_sizes"><span class="product-grid-cell_size">15 OZ PKG</span><span aria-hidden="true"> | </span><!--v-if--><span class="product-grid-cell_unit">$6.90 /LB</span></div><!--v-if--></div><!--v-if--></button><div class="product-grid-cell_promo-name"><!--v-if--><!--v-if--><!--v-if--><!--v-if--><!--v-if--></div><!--v-if--><!--v-if--><!--v-if--><!--v-if--><div class="margin-top--one"><!--v-if--><div class="pdl-add-to-cart" coupon-clipped="false"><div class="pdl-add-to-cart_button"><button class="button button--add-to-cart" aria-label="Add to cart" data-product-id="74915" data-price="6.49">Add to cart <!--v-if--></button><!--v-if--><!--v-if--><!-- Swap n Save --><!--v-if--></div><!--v-if--></div><!--v-if--><!--v-if--></div><!--v-if--></div></div><!-- MOBILE VIEW --><!--v-if--><!-- This is for xxsmall devices --><div class="mobile-product-list-cell_bottom m-4 hidden"><div class="mobile-product-list-cell_bottom_cart-ui-wrapper"><!--v-if--><div class="pdl-add-to-cart" coupon-clipped="false"><div class="pdl-add-to-cart_button"><button class="button button--add-to-cart" aria-label="Add to cart" data-product-id="74915" data-price="6.49">Add to cart <!--v-if--></button><!--v-if--><!--v-if--><!-- Swap n Save --><!--v-if--></div><!--v-if--></div><!--v-if--><!--v-if--></div><!--v-if--></div><div class="product-tile_action-items" is-typeahead="false"><!--v-if--><!--v-if--><div class="shopping-list-menu_container"><div class="relative-el"><button class="button pdl-product-detail_top-icon button--fourth pdl-product-detail_top-icon--borderless" aria-label="add to shopping list" page-view="browse aisles" title=""><!--v-if--><div class="vector-icon-size--large"><svg xmlns="http://www.w3.org/2000/svg" class="vector-icon-color--dark-grey" aria-label="Shopping List Icon Add" viewBox="0 0 32 32" role="presentation" aria-hidden="true" focusable="false"><title lang="en">Shopping List Icon Add</title><desc></desc><g fill="" stroke=""><g><path d="M21.94066,15.3368884 L21.94066,12.8931995 C21.94066,12.3409148 22.3883752,11.8931995 22.94066,11.8931995 C23.4929447,11.8931995 23.94066,12.3409148 23.94066,12.8931995 L23.94066,15.3368884 L26.2522624,15.3368884 C26.8045471,15.3368884 27.2522624,15.7846037 27.2522624,16.3368884 C27.2522624,16.8891732 26.8045471,17.3368884 26.2522624,17.3368884 L23.94066,17.3368884 L23.94066,19.8787952 C23.94066,20.43108 23.4929447,20.8787952 22.94066,20.8787952 C22.3883752,20.8787952 21.94066,20.43108 21.94066,19.8787952 L21.94066,17.3368884 L19.2666667,17.3368884 C18.7143819,17.3368884 18.2666667,16.8891732 18.2666667,16.3368884 C18.2666667,15.7846037 18.7143819,15.3368884 19.2666667,15.3368884 L21.94066,15.3368884 Z M8,12 C7.44771525,12 7,11.5522847 7,11 C7,10.4477153 7.44771525,10 8,10 L19.1153581,10 C19.6676429,10 20.1153581,10.4477153 20.1153581,11 C20.1153581,11.5522847 19.6676429,12 19.1153581,12 L8,12 Z M8,17.3368884 C7.44771525,17.3368884 7,16.8891732 7,16.3368884 C7,15.7846037 7.44771525,15.3368884 8,15.3368884 L14.7200696,15.3368884 C15.2723543,15.3368884 15.7200696,15.7846037 15.7200696,16.3368884 C15.7200696,16.8891732 15.2723543,17.3368884 14.7200696,17.3368884 L8,17.3368884 Z M8,23 C7.44771525,23 7,22.5522847 7,22 C7,21.4477153 7.44771525,21 8,21 L19.1153581,21 C19.6676429,21 20.1153581,21.4477153 20.1153581,22 C20.1153581,22.5522847 19.6676429,23 19.1153581,23 L8,23 Z" fill="#000000" fill-rule="nonzero"></path></g></g></svg></div><div class="pdl-product-detail_list-tooltip"><p class="no-wrap">Sign in to add to shopping list</p><em></em></div></button></div></div></div><!--v-if--></li><!--v-if--></ul><!--v-if--><!--v-if--><!--v-if--><!--v-if--></div><div tabindex="-1" class="pdl-carousel_item zone-block_carousel-item" style="height: auto; width: 697px;"><ul class="product-list product-list-triple pt-0 pdl-carousel_content" islastslide="false" itemcountpriorslide="[object Object]" index="3" style="height: auto;"><!-- eslint-disable vuejs-accessibility/mouse-events-have-key-events --><li tabindex="-1" data-product-id="6332" class="tile product-cell product-grid-cell mb-0"><!--v-if--><!--v-if--><!--v-if--><div class="product-tile_content"><div class="flag_outer-container"><div class=""><svg xmlns="http://www.w3.org/2000/svg" class="w-20 ml-3" aria-label="Sale" viewBox="0 0 32 32" role="presentation" aria-hidden="true" focusable="false"><title lang="en">Sale</title><desc></desc><g fill="" stroke=""><g><path d="M16.56 19.87a3.81 3.81 0 0 1-1-.13l-13.39-3.5a1.5 1.5 0 0 1-1.12-1.34l-.81-11a1.52 1.52 0 0 1 1.39-1.61l27.69-2h.11a1.51 1.51 0 0 1 1.5 1.4l.82 11a1.52 1.52 0 0 1-.91 1.5l-12.72 5.36a3.79 3.79 0 0 1-1.56.32Z" fill="#ed1256"></path><path fill="#fff" d="M29.43.48a1.26 1.26 0 0 1 1.26 1.17l.82 11a1.27 1.27 0 0 1-.76 1.26L18 19.34a3.72 3.72 0 0 1-1.47.3 3.79 3.79 0 0 1-.94-.12L2.24 16a1.27 1.27 0 0 1-1-1.13l-.81-11a1.26 1.26 0 0 1 1.22-1.33L29.34.48h.09m0-.48h-.13L1.62 2A1.76 1.76 0 0 0 0 3.92l.82 11a1.73 1.73 0 0 0 1.3 1.55L15.5 20a4.3 4.3 0 0 0 1.07.14 4.24 4.24 0 0 0 1.65-.34l12.72-5.44A1.76 1.76 0 0 0 32 12.59l-.82-11A1.76 1.76 0 0 0 29.43 0Z"></path><path fill="#fff" d="M3.74 9.87a3 3 0 0 0 .82.55 2.21 2.21 0 0 0 1.08.19 1.6 1.6 0 0 0 .29 0 1 1 0 0 0 .26-.12.58.58 0 0 0 .18-.2.62.62 0 0 0 0-.31.59.59 0 0 0-.32-.49 3.38 3.38 0 0 0-.85-.34L4.84 9a4.19 4.19 0 0 1-.69-.26 2.44 2.44 0 0 1-.63-.41 1.92 1.92 0 0 1-.7-1.42 2.68 2.68 0 0 1 .1-1A2.2 2.2 0 0 1 3.39 5a2.42 2.42 0 0 1 .82-.6 3.15 3.15 0 0 1 1.17-.28 3.68 3.68 0 0 1 1.72.24 3 3 0 0 1 .57.29A2.66 2.66 0 0 1 8 5l-.82 1.37a4.42 4.42 0 0 0-.82-.45 2 2 0 0 0-.85-.13 1.4 1.4 0 0 0-.28.06A.9.9 0 0 0 5 6a.62.62 0 0 0-.16.2.5.5 0 0 0 0 .28.6.6 0 0 0 .1.31.68.68 0 0 0 .24.2 1.27 1.27 0 0 0 .35.15l.43.13.35.09a7.49 7.49 0 0 1 .69.22 2.2 2.2 0 0 1 .72.42 2.46 2.46 0 0 1 .54.68 2.31 2.31 0 0 1 .27 1 2.15 2.15 0 0 1-.15 1 2.53 2.53 0 0 1-.56.84 2.77 2.77 0 0 1-.88.59 4 4 0 0 1-1.11.27A4.67 4.67 0 0 1 4 12.25a3.79 3.79 0 0 1-1.28-.75ZM11.29 3.89l2.17-.16 3.1 7.7-2 .15L14 10l-2.39.18-.35 1.67-2 .14Zm2.15 4.6-1-2.84-.61 2.95ZM17 3.47l1.89-.14.44 6 3.3-.25.16 1.92-5.19.39ZM23.36 3l5.13-.38.13 1.8-3.24.24.09 1.22 2.66-.2.12 1.7-2.65.2.09 1.35 3.46-.26.13 1.81-5.34.4Z"></path></g></g></svg></div><!--v-if--><!--v-if--><!--v-if--><!--v-if--></div><a href="https://stopandshop.com/product/oscar-mayer-original-uncured-turkey-chicken-pork-wieners-10-ct-16-oz-pkg/6332" aria-hidden="true" tabindex="-1"><div><!--v-if--><img src="data:image/svg+xml;base64,PD94bWwgdmVyc2lvbj0iMS4wIiBlbmNvZGluZz0idXRmLTgiPz4KPCEtLSBHZW5lcmF0ZWQgYnkgSWNvTW9vbi5pbyAtLT4KPCFET0NUWVBFIHN2ZyBQVUJMSUMgIi0vL1czQy8vRFREIFNWRyAxLjEvL0VOIiAiaHR0cDovL3d3dy53My5vcmcvR3JhcGhpY3MvU1ZHLzEuMS9EVEQvc3ZnMTEuZHRkIj4KPHN2ZyB2ZXJzaW9uPSIxLjEiIHhtbG5zPSJodHRwOi8vd3d3LnczLm9yZy8yMDAwL3N2ZyIgeG1sbnM6eGxpbms9Imh0dHA6Ly93d3cudzMub3JnLzE5OTkveGxpbmsiIHdpZHRoPSI0OCIgaGVpZ2h0PSI0OCIgdmlld0JveD0iMCAwIDQ4IDQ4Ij4KPGcgaWQ9Imljb21vb24taWdub3JlIj4KCTxsaW5lIHN0cm9rZS13aWR0aD0iMSIgeDE9IiIgeTE9IiIgeDI9IiIgeTI9IiIgc3Ryb2tlPSIjNDQ5RkRCIiBvcGFjaXR5PSIiPjwvbGluZT4KPC9nPgoJPHBhdGggZD0iTTM4LjQ4IDkuMDcwYzAuMjQ4IDAgMC40NSAwLjIwMiAwLjQ1IDAuNDV2MjguOTU5YzAgMC4yNDgtMC4yMDIgMC40NS0wLjQ1IDAuNDVoLTI4Ljk1OWMtMC4yNDggMC0wLjQ1LTAuMjAyLTAuNDUtMC40NXYtMjguOTU5YzAtMC4yNDggMC4yMDItMC40NSAwLjQ1LTAuNDVoMjguOTU5ek0zOC40OCA4aC0yOC45NTljLTAuODQgMC0xLjUyIDAuNjgxLTEuNTIgMS41MjF2MjguOTU5YzAgMC44NCAwLjY4MSAxLjUyMSAxLjUyIDEuNTIxaDI4Ljk1OWMwLjg0IDAgMS41Mi0wLjY4MSAxLjUyLTEuNTIxdi0yOC45NTljMC0wLjg0LTAuNjgxLTEuNTIxLTEuNTItMS41MjF2MHoiIG9wYWNpdHk9IjEiIHZpc2liaWxpdHk9ImZhbHNlIiBmaWxsPSIjZDdkN2Q3Ij48L3BhdGg+Cgk8cGF0aCBkPSJNMTIuMjI4IDM1LjIyNHYtMy4zMjljMC0wLjE0NSAwLjA1OC0wLjI4NSAwLjE2LTAuMzg4bDUuNTg3LTUuNTg3YzAuMjE0LTAuMjE0IDAuNTYxLTAuMjE0IDAuNzc1IDBsMi4xMTkgMi4xMTljMC4yMTQgMC4yMTQgMC41NjEgMC4yMTQgMC43NzUgMGw4LjE5MS04LjE5MmMwLjIxNC0wLjIxNCAwLjU2MS0wLjIxNCAwLjc3NSAwbDUgNWMwLjEwMyAwLjEwMyAwLjE2IDAuMjQyIDAuMTYgMC4zODh2OS45ODhjMCAwLjMwMy0wLjI0NSAwLjU0OC0wLjU0OCAwLjU0OGgtMjIuNDQ3Yy0wLjMwMyAwLTAuNTQ4LTAuMjQ1LTAuNTQ4LTAuNTQ4eiIgb3BhY2l0eT0iMSIgdmlzaWJpbGl0eT0iZmFsc2UiIGZpbGw9IiNkN2Q3ZDciPjwvcGF0aD4KCTxwYXRoIGQ9Ik0yMS41NDQgMTcuOTY3YzAgMS45ODItMS42MDYgMy41ODgtMy41ODggMy41ODhzLTMuNTg4LTEuNjA2LTMuNTg4LTMuNTg4YzAtMS45ODEgMS42MDYtMy41ODggMy41ODgtMy41ODhzMy41ODggMS42MDYgMy41ODggMy41ODh6IiBvcGFjaXR5PSIxIiB2aXNpYmlsaXR5PSJmYWxzZSIgZmlsbD0iI2Q3ZDdkNyI+PC9wYXRoPgo8L3N2Zz4K" alt="Oscar Mayer Original Uncured Turkey Chicken &amp; Pork Wieners - 10 ct 16 OZ PKG" class="product-grid-image object-contain product-grid-cell_main-image" skeleton-box-size="14rem"></div></a><div class="product-grid-cell_price-tag product-grid-cell_price-tag--full-tile"><div class="product-tile_detail"><div class="skeleton-loader_wrapper cursor-pointer"><!-- eslint-disable-next-line vuejs-accessibility/click-events-have-key-events --><div class="product-grid-cell_price-container product-grid-cell_price-container_column"><span class="sr-only">Oscar Mayer Original Uncured Turkey Chicken &amp; Pork Wieners - 10 ct</span><span class="product-grid-cell_main-price product-grid-cell_main-price--on-sale"><span class="sr-only"> Sale Price </span> $2.50</span><div class="product-grid-cell_was-container"><span class="product-grid-cell_regular-price mb-1 product-grid-cell_regular-price--small"><span class="sr-only"> Original Price </span> $4.49</span></div></div><!--v-if--></div><!--v-if--></div><button class="product-tile_detail-title"><div class="skeleton-loader_wrapper"><div class="product-grid-cell_name"><a id="product-name-6332-17497327347989116" class="product-grid-cell_name-text product-grid-cell_name-text--small product-grid-cell_name-text--clamp-2" href="https://stopandshop.com/product/oscar-mayer-original-uncured-turkey-chicken-pork-wieners-10-ct-16-oz-pkg/6332" data-opens-modal="true" aria-haspopup="dialog"><!--v-if--> Oscar Mayer Original Uncured Turkey Chicken &amp; Pork Wieners - 10 ct</a></div><!--v-if--><!--v-if--></div><div class="skeleton-loader_wrapper"><!-- eslint-disable-next-line vuejs-accessibility/click-events-have-key-events --><div class="product-grid-cell_sizes"><span class="product-grid-cell_size">16 OZ PKG</span><span aria-hidden="true"> | </span><!--v-if--><span class="product-grid-cell_unit">$2.50 /LB</span></div><!--v-if--></div><!--v-if--></button><div class="product-grid-cell_promo-name"><!--v-if--><!--v-if--><!--v-if--><!--v-if--><!--v-if--></div><!--v-if--><!--v-if--><!--v-if--><!--v-if--><div class="margin-top--one"><!--v-if--><div class="pdl-add-to-cart" coupon-clipped="false"><div class="pdl-add-to-cart_button"><button class="button button--add-to-cart add-sale" aria-label="Add to cart" data-product-id="6332" data-price="2.5">Add to cart <!--v-if--></button><!--v-if--><!--v-if--><!-- Swap n Save --><!--v-if--></div><!--v-if--></div><!--v-if--><!--v-if--></div><!--v-if--></div></div><!-- MOBILE VIEW --><!--v-if--><!-- This is for xxsmall devices --><div class="mobile-product-list-cell_bottom m-4 hidden"><div class="mobile-product-list-cell_bottom_cart-ui-wrapper"><!--v-if--><div class="pdl-add-to-cart" coupon-clipped="false"><div class="pdl-add-to-cart_button"><button class="button button--add-to-cart add-sale" aria-label="Add to cart" data-product-id="6332" data-price="2.5">Add to cart <!--v-if--></button><!--v-if--><!--v-if--><!-- Swap n Save --><!--v-if--></div><!--v-if--></div><!--v-if--><!--v-if--></div><!--v-if--></div><div class="product-tile_action-items" is-typeahead="false"><!--v-if--><!--v-if--><div class="shopping-list-menu_container"><div class="relative-el"><button class="button pdl-product-detail_top-icon button--fourth pdl-product-detail_top-icon--borderless" aria-label="add to shopping list" page-view="browse aisles" title=""><!--v-if--><div class="vector-icon-size--large"><svg xmlns="http://www.w3.org/2000/svg" class="vector-icon-color--dark-grey" aria-label="Shopping List Icon Add" viewBox="0 0 32 32" role="presentation" aria-hidden="true" focusable="false"><title lang="en">Shopping List Icon Add</title><desc></desc><g fill="" stroke=""><g><path d="M21.94066,15.3368884 L21.94066,12.8931995 C21.94066,12.3409148 22.3883752,11.8931995 22.94066,11.8931995 C23.4929447,11.8931995 23.94066,12.3409148 23.94066,12.8931995 L23.94066,15.3368884 L26.2522624,15.3368884 C26.8045471,15.3368884 27.2522624,15.7846037 27.2522624,16.3368884 C27.2522624,16.8891732 26.8045471,17.3368884 26.2522624,17.3368884 L23.94066,17.3368884 L23.94066,19.8787952 C23.94066,20.43108 23.4929447,20.8787952 22.94066,20.8787952 C22.3883752,20.8787952 21.94066,20.43108 21.94066,19.8787952 L21.94066,17.3368884 L19.2666667,17.3368884 C18.7143819,17.3368884 18.2666667,16.8891732 18.2666667,16.3368884 C18.2666667,15.7846037 18.7143819,15.3368884 19.2666667,15.3368884 L21.94066,15.3368884 Z M8,12 C7.44771525,12 7,11.5522847 7,11 C7,10.4477153 7.44771525,10 8,10 L19.1153581,10 C19.6676429,10 20.1153581,10.4477153 20.1153581,11 C20.1153581,11.5522847 19.6676429,12 19.1153581,12 L8,12 Z M8,17.3368884 C7.44771525,17.3368884 7,16.8891732 7,16.3368884 C7,15.7846037 7.44771525,15.3368884 8,15.3368884 L14.7200696,15.3368884 C15.2723543,15.3368884 15.7200696,15.7846037 15.7200696,16.3368884 C15.7200696,16.8891732 15.2723543,17.3368884 14.7200696,17.3368884 L8,17.3368884 Z M8,23 C7.44771525,23 7,22.5522847 7,22 C7,21.4477153 7.44771525,21 8,21 L19.1153581,21 C19.6676429,21 20.1153581,21.4477153 20.1153581,22 C20.1153581,22.5522847 19.6676429,23 19.1153581,23 L8,23 Z" fill="#000000" fill-rule="nonzero"></path></g></g></svg></div><div class="pdl-product-detail_list-tooltip"><p class="no-wrap">Sign in to add to shopping list</p><em></em></div></button></div></div></div><!--v-if--></li><!-- eslint-disable vuejs-accessibility/mouse-events-have-key-events --><li tabindex="-1" data-product-id="305764" class="tile product-cell product-grid-cell mb-0"><!--v-if--><!--v-if--><!--v-if--><div class="product-tile_content"><!--v-if--><a href="https://stopandshop.com/product/natures-promise-90-lean-10-fat-grass-fed-ground-beef-patties-4-ct-fresh-16-oz-pkg/305764" aria-hidden="true" tabindex="-1"><div><!--v-if--><img src="data:image/svg+xml;base64,PD94bWwgdmVyc2lvbj0iMS4wIiBlbmNvZGluZz0idXRmLTgiPz4KPCEtLSBHZW5lcmF0ZWQgYnkgSWNvTW9vbi5pbyAtLT4KPCFET0NUWVBFIHN2ZyBQVUJMSUMgIi0vL1czQy8vRFREIFNWRyAxLjEvL0VOIiAiaHR0cDovL3d3dy53My5vcmcvR3JhcGhpY3MvU1ZHLzEuMS9EVEQvc3ZnMTEuZHRkIj4KPHN2ZyB2ZXJzaW9uPSIxLjEiIHhtbG5zPSJodHRwOi8vd3d3LnczLm9yZy8yMDAwL3N2ZyIgeG1sbnM6eGxpbms9Imh0dHA6Ly93d3cudzMub3JnLzE5OTkveGxpbmsiIHdpZHRoPSI0OCIgaGVpZ2h0PSI0OCIgdmlld0JveD0iMCAwIDQ4IDQ4Ij4KPGcgaWQ9Imljb21vb24taWdub3JlIj4KCTxsaW5lIHN0cm9rZS13aWR0aD0iMSIgeDE9IiIgeTE9IiIgeDI9IiIgeTI9IiIgc3Ryb2tlPSIjNDQ5RkRCIiBvcGFjaXR5PSIiPjwvbGluZT4KPC9nPgoJPHBhdGggZD0iTTM4LjQ4IDkuMDcwYzAuMjQ4IDAgMC40NSAwLjIwMiAwLjQ1IDAuNDV2MjguOTU5YzAgMC4yNDgtMC4yMDIgMC40NS0wLjQ1IDAuNDVoLTI4Ljk1OWMtMC4yNDggMC0wLjQ1LTAuMjAyLTAuNDUtMC40NXYtMjguOTU5YzAtMC4yNDggMC4yMDItMC40NSAwLjQ1LTAuNDVoMjguOTU5ek0zOC40OCA4aC0yOC45NTljLTAuODQgMC0xLjUyIDAuNjgxLTEuNTIgMS41MjF2MjguOTU5YzAgMC44NCAwLjY4MSAxLjUyMSAxLjUyIDEuNTIxaDI4Ljk1OWMwLjg0IDAgMS41Mi0wLjY4MSAxLjUyLTEuNTIxdi0yOC45NTljMC0wLjg0LTAuNjgxLTEuNTIxLTEuNTItMS41MjF2MHoiIG9wYWNpdHk9IjEiIHZpc2liaWxpdHk9ImZhbHNlIiBmaWxsPSIjZDdkN2Q3Ij48L3BhdGg+Cgk8cGF0aCBkPSJNMTIuMjI4IDM1LjIyNHYtMy4zMjljMC0wLjE0NSAwLjA1OC0wLjI4NSAwLjE2LTAuMzg4bDUuNTg3LTUuNTg3YzAuMjE0LTAuMjE0IDAuNTYxLTAuMjE0IDAuNzc1IDBsMi4xMTkgMi4xMTljMC4yMTQgMC4yMTQgMC41NjEgMC4yMTQgMC43NzUgMGw4LjE5MS04LjE5MmMwLjIxNC0wLjIxNCAwLjU2MS0wLjIxNCAwLjc3NSAwbDUgNWMwLjEwMyAwLjEwMyAwLjE2IDAuMjQyIDAuMTYgMC4zODh2OS45ODhjMCAwLjMwMy0wLjI0NSAwLjU0OC0wLjU0OCAwLjU0OGgtMjIuNDQ3Yy0wLjMwMyAwLTAuNTQ4LTAuMjQ1LTAuNTQ4LTAuNTQ4eiIgb3BhY2l0eT0iMSIgdmlzaWJpbGl0eT0iZmFsc2UiIGZpbGw9IiNkN2Q3ZDciPjwvcGF0aD4KCTxwYXRoIGQ9Ik0yMS41NDQgMTcuOTY3YzAgMS45ODItMS42MDYgMy41ODgtMy41ODggMy41ODhzLTMuNTg4LTEuNjA2LTMuNTg4LTMuNTg4YzAtMS45ODEgMS42MDYtMy41ODggMy41ODgtMy41ODhzMy41ODggMS42MDYgMy41ODggMy41ODh6IiBvcGFjaXR5PSIxIiB2aXNpYmlsaXR5PSJmYWxzZSIgZmlsbD0iI2Q3ZDdkNyI+PC9wYXRoPgo8L3N2Zz4K" alt="Nature&#39;s Promise 90% Lean 10% Fat Grass-fed Ground Beef Patties 4 ct Fresh 16 OZ PKG" class="product-grid-image object-contain product-grid-cell_main-image" skeleton-box-size="14rem"></div></a><div class="product-grid-cell_price-tag product-grid-cell_price-tag--full-tile"><div class="product-tile_detail"><div class="skeleton-loader_wrapper cursor-pointer"><!-- eslint-disable-next-line vuejs-accessibility/click-events-have-key-events --><div class="product-grid-cell_price-container"><span class="sr-only">Nature's Promise 90% Lean 10% Fat Grass-fed Ground Beef Patties 4 ct Fresh</span><span class="product-grid-cell_main-price"><!--v-if--> $8.99</span><!--v-if--></div><!--v-if--></div><!--v-if--></div><button class="product-tile_detail-title"><div class="skeleton-loader_wrapper"><div class="product-grid-cell_name"><a id="product-name-305764-17497327347996266" class="product-grid-cell_name-text product-grid-cell_name-text--small product-grid-cell_name-text--clamp-2" href="https://stopandshop.com/product/natures-promise-90-lean-10-fat-grass-fed-ground-beef-patties-4-ct-fresh-16-oz-pkg/305764" data-opens-modal="true" aria-haspopup="dialog"><span class="vector-icon_inline-text--left mr-0"><div class="vector-icon-size--xsmall"><svg xmlns="http://www.w3.org/2000/svg" class="" aria-label="Ahold Icon" viewBox="0 0 1024 945" role="presentation" aria-hidden="true" focusable="false"><title lang="en">Ahold Icon</title><desc></desc><g fill="" stroke=""><g><path d="M1.893 730.617c-1.289-2.094-2.052-4.631-2.052-7.346 0-.747.058-1.481.169-2.197.158-12.396 10.227-22.466 22.687-22.634h895.306c12.476.168 22.545 10.237 22.713 22.698-.521 3.721-1.182 6.924-2.024 10.053l.131-.574c-86.363 175.072-263.598 293.385-468.466 293.385S88.254 905.689 3.252 733.663l-1.361-3.046z" class="path1" fill="#F7A800"></path><path d="M107.889 132.495c1.893-1.893 1.893-3.786 3.786-5.678 2.98-3.491 7.385-5.69 12.303-5.69s9.323 2.199 12.284 5.668l.019.022L613.264 603.8c3.491 2.98 5.69 7.385 5.69 12.303s-2.199 9.323-5.668 12.284c-1.399 1.869-3.361 3.216-5.631 3.789l-.069.015c-38.446 13.732-82.796 21.669-129.001 21.669-108.416 0-206.626-43.699-277.977-114.443C130.241 467.591 86.799 369.1 86.799 260.462c0-45.803 7.722-89.803 21.936-130.767l-.845 2.8z" class="path2" fill="#E2231A"></path><path d="M600.015 1.893a6.922 6.922 0 0 1 5.713-1.889c.057-.006.164-.007.272-.007 7.15 0 12.947 5.796 12.947 12.947 0 .108-.001.215-.004.322v-.016 503.482c.002.091.004.199.004.306 0 7.15-5.796 12.947-12.947 12.947-.108 0-.215-.001-.322-.004a6.925 6.925 0 0 1-5.665-1.895l.002.002c-98.273-48.542-164.673-148.065-164.673-263.098S501.743 50.434 598.306 2.657l1.709-.765z" class="path3" fill="#712177"></path><path d="M938.824 283.919c1.893 0 1.893 1.893 3.786 1.893 1.765 2.012 2.841 4.666 2.841 7.571s-1.077 5.559-2.853 7.584l.011-.013-268.776 266.884c-2.012 1.765-4.666 2.841-7.571 2.841s-5.559-1.077-7.584-2.853a3.774 3.774 0 0 1-1.877-3.793l-.002.019c-7.681-21.529-12.12-46.363-12.12-72.235 0-61.263 24.891-116.712 65.111-156.786 39.326-39.792 93.895-64.431 154.219-64.431 26.857 0 52.573 4.884 76.309 13.812l-1.494-.493z" class="path4" fill="#82BC00"></path></g></g></svg></div></span> Nature's Promise 90% Lean 10% Fat Grass-fed Ground Beef Patties 4 ct Fresh</a></div><!--v-if--><!--v-if--></div><div class="skeleton-loader_wrapper"><!-- eslint-disable-next-line vuejs-accessibility/click-events-have-key-events --><div class="product-grid-cell_sizes"><span class="product-grid-cell_size">16 OZ PKG</span><span aria-hidden="true"> | </span><!--v-if--><span class="product-grid-cell_unit">$8.99 /LB</span></div><!--v-if--></div><!--v-if--></button><div class="product-grid-cell_promo-name"><!--v-if--><!--v-if--><!--v-if--><!--v-if--><!--v-if--></div><!--v-if--><!--v-if--><!--v-if--><!--v-if--><div class="margin-top--one"><!--v-if--><div class="pdl-add-to-cart" coupon-clipped="false"><div class="pdl-add-to-cart_button"><button class="button button--add-to-cart" aria-label="Add to cart" data-product-id="305764" data-price="8.99">Add to cart <!--v-if--></button><!--v-if--><!--v-if--><!-- Swap n Save --><!--v-if--></div><!--v-if--></div><!--v-if--><!--v-if--></div><!--v-if--></div></div><!-- MOBILE VIEW --><!--v-if--><!-- This is for xxsmall devices --><div class="mobile-product-list-cell_bottom m-4 hidden"><div class="mobile-product-list-cell_bottom_cart-ui-wrapper"><!--v-if--><div class="pdl-add-to-cart" coupon-clipped="false"><div class="pdl-add-to-cart_button"><button class="button button--add-to-cart" aria-label="Add to cart" data-product-id="305764" data-price="8.99">Add to cart <!--v-if--></button><!--v-if--><!--v-if--><!-- Swap n Save --><!--v-if--></div><!--v-if--></div><!--v-if--><!--v-if--></div><!--v-if--></div><div class="product-tile_action-items" is-typeahead="false"><!--v-if--><!--v-if--><div class="shopping-list-menu_container"><div class="relative-el"><button class="button pdl-product-detail_top-icon button--fourth pdl-product-detail_top-icon--borderless" aria-label="add to shopping list" page-view="browse aisles" title=""><!--v-if--><div class="vector-icon-size--large"><svg xmlns="http://www.w3.org/2000/svg" class="vector-icon-color--dark-grey" aria-label="Shopping List Icon Add" viewBox="0 0 32 32" role="presentation" aria-hidden="true" focusable="false"><title lang="en">Shopping List Icon Add</title><desc></desc><g fill="" stroke=""><g><path d="M21.94066,15.3368884 L21.94066,12.8931995 C21.94066,12.3409148 22.3883752,11.8931995 22.94066,11.8931995 C23.4929447,11.8931995 23.94066,12.3409148 23.94066,12.8931995 L23.94066,15.3368884 L26.2522624,15.3368884 C26.8045471,15.3368884 27.2522624,15.7846037 27.2522624,16.3368884 C27.2522624,16.8891732 26.8045471,17.3368884 26.2522624,17.3368884 L23.94066,17.3368884 L23.94066,19.8787952 C23.94066,20.43108 23.4929447,20.8787952 22.94066,20.8787952 C22.3883752,20.8787952 21.94066,20.43108 21.94066,19.8787952 L21.94066,17.3368884 L19.2666667,17.3368884 C18.7143819,17.3368884 18.2666667,16.8891732 18.2666667,16.3368884 C18.2666667,15.7846037 18.7143819,15.3368884 19.2666667,15.3368884 L21.94066,15.3368884 Z M8,12 C7.44771525,12 7,11.5522847 7,11 C7,10.4477153 7.44771525,10 8,10 L19.1153581,10 C19.6676429,10 20.1153581,10.4477153 20.1153581,11 C20.1153581,11.5522847 19.6676429,12 19.1153581,12 L8,12 Z M8,17.3368884 C7.44771525,17.3368884 7,16.8891732 7,16.3368884 C7,15.7846037 7.44771525,15.3368884 8,15.3368884 L14.7200696,15.3368884 C15.2723543,15.3368884 15.7200696,15.7846037 15.7200696,16.3368884 C15.7200696,16.8891732 15.2723543,17.3368884 14.7200696,17.3368884 L8,17.3368884 Z M8,23 C7.44771525,23 7,22.5522847 7,22 C7,21.4477153 7.44771525,21 8,21 L19.1153581,21 C19.6676429,21 20.1153581,21.4477153 20.1153581,22 C20.1153581,22.5522847 19.6676429,23 19.1153581,23 L8,23 Z" fill="#000000" fill-rule="nonzero"></path></g></g></svg></div><div class="pdl-product-detail_list-tooltip"><p class="no-wrap">Sign in to add to shopping list</p><em></em></div></button></div></div></div><!--v-if--></li><!-- eslint-disable vuejs-accessibility/mouse-events-have-key-events --><li tabindex="-1" data-product-id="223074" class="tile product-cell product-grid-cell mb-0"><!--v-if--><!--v-if--><!--v-if--><div class="product-tile_content"><!--v-if--><a href="https://stopandshop.com/product/schweid-sons-signature-ground-beef-chuck-brisket-burgers-4-ct-fresh-21.2-oz-pkg/223074" aria-hidden="true" tabindex="-1"><div><!--v-if--><img src="data:image/svg+xml;base64,PD94bWwgdmVyc2lvbj0iMS4wIiBlbmNvZGluZz0idXRmLTgiPz4KPCEtLSBHZW5lcmF0ZWQgYnkgSWNvTW9vbi5pbyAtLT4KPCFET0NUWVBFIHN2ZyBQVUJMSUMgIi0vL1czQy8vRFREIFNWRyAxLjEvL0VOIiAiaHR0cDovL3d3dy53My5vcmcvR3JhcGhpY3MvU1ZHLzEuMS9EVEQvc3ZnMTEuZHRkIj4KPHN2ZyB2ZXJzaW9uPSIxLjEiIHhtbG5zPSJodHRwOi8vd3d3LnczLm9yZy8yMDAwL3N2ZyIgeG1sbnM6eGxpbms9Imh0dHA6Ly93d3cudzMub3JnLzE5OTkveGxpbmsiIHdpZHRoPSI0OCIgaGVpZ2h0PSI0OCIgdmlld0JveD0iMCAwIDQ4IDQ4Ij4KPGcgaWQ9Imljb21vb24taWdub3JlIj4KCTxsaW5lIHN0cm9rZS13aWR0aD0iMSIgeDE9IiIgeTE9IiIgeDI9IiIgeTI9IiIgc3Ryb2tlPSIjNDQ5RkRCIiBvcGFjaXR5PSIiPjwvbGluZT4KPC9nPgoJPHBhdGggZD0iTTM4LjQ4IDkuMDcwYzAuMjQ4IDAgMC40NSAwLjIwMiAwLjQ1IDAuNDV2MjguOTU5YzAgMC4yNDgtMC4yMDIgMC40NS0wLjQ1IDAuNDVoLTI4Ljk1OWMtMC4yNDggMC0wLjQ1LTAuMjAyLTAuNDUtMC40NXYtMjguOTU5YzAtMC4yNDggMC4yMDItMC40NSAwLjQ1LTAuNDVoMjguOTU5ek0zOC40OCA4aC0yOC45NTljLTAuODQgMC0xLjUyIDAuNjgxLTEuNTIgMS41MjF2MjguOTU5YzAgMC44NCAwLjY4MSAxLjUyMSAxLjUyIDEuNTIxaDI4Ljk1OWMwLjg0IDAgMS41Mi0wLjY4MSAxLjUyLTEuNTIxdi0yOC45NTljMC0wLjg0LTAuNjgxLTEuNTIxLTEuNTItMS41MjF2MHoiIG9wYWNpdHk9IjEiIHZpc2liaWxpdHk9ImZhbHNlIiBmaWxsPSIjZDdkN2Q3Ij48L3BhdGg+Cgk8cGF0aCBkPSJNMTIuMjI4IDM1LjIyNHYtMy4zMjljMC0wLjE0NSAwLjA1OC0wLjI4NSAwLjE2LTAuMzg4bDUuNTg3LTUuNTg3YzAuMjE0LTAuMjE0IDAuNTYxLTAuMjE0IDAuNzc1IDBsMi4xMTkgMi4xMTljMC4yMTQgMC4yMTQgMC41NjEgMC4yMTQgMC43NzUgMGw4LjE5MS04LjE5MmMwLjIxNC0wLjIxNCAwLjU2MS0wLjIxNCAwLjc3NSAwbDUgNWMwLjEwMyAwLjEwMyAwLjE2IDAuMjQyIDAuMTYgMC4zODh2OS45ODhjMCAwLjMwMy0wLjI0NSAwLjU0OC0wLjU0OCAwLjU0OGgtMjIuNDQ3Yy0wLjMwMyAwLTAuNTQ4LTAuMjQ1LTAuNTQ4LTAuNTQ4eiIgb3BhY2l0eT0iMSIgdmlzaWJpbGl0eT0iZmFsc2UiIGZpbGw9IiNkN2Q3ZDciPjwvcGF0aD4KCTxwYXRoIGQ9Ik0yMS41NDQgMTcuOTY3YzAgMS45ODItMS42MDYgMy41ODgtMy41ODggMy41ODhzLTMuNTg4LTEuNjA2LTMuNTg4LTMuNTg4YzAtMS45ODEgMS42MDYtMy41ODggMy41ODgtMy41ODhzMy41ODggMS42MDYgMy41ODggMy41ODh6IiBvcGFjaXR5PSIxIiB2aXNpYmlsaXR5PSJmYWxzZSIgZmlsbD0iI2Q3ZDdkNyI+PC9wYXRoPgo8L3N2Zz4K" alt="Schweid &amp; Sons Signature Ground Beef Chuck Brisket Burgers - 4 ct Fresh 21.2 OZ PKG" class="product-grid-image object-contain product-grid-cell_main-image" skeleton-box-size="14rem"></div></a><div class="product-grid-cell_price-tag product-grid-cell_price-tag--full-tile"><div class="product-tile_detail"><div class="skeleton-loader_wrapper cursor-pointer"><!-- eslint-disable-next-line vuejs-accessibility/click-events-have-key-events --><div class="product-grid-cell_price-container"><span class="sr-only">Schweid &amp; Sons Signature Ground Beef Chuck Brisket Burgers - 4 ct Fresh</span><span class="product-grid-cell_main-price"><!--v-if--> $11.99</span><!--v-if--></div><!--v-if--></div><!--v-if--></div><button class="product-tile_detail-title"><div class="skeleton-loader_wrapper"><div class="product-grid-cell_name"><a id="product-name-223074-17497327348000083" class="product-grid-cell_name-text product-grid-cell_name-text--small product-grid-cell_name-text--clamp-2" href="https://stopandshop.com/product/schweid-sons-signature-ground-beef-chuck-brisket-burgers-4-ct-fresh-21.2-oz-pkg/223074" data-opens-modal="true" aria-haspopup="dialog"><!--v-if--> Schweid &amp; Sons Signature Ground Beef Chuck Brisket Burgers - 4 ct Fresh</a></div><!--v-if--><!--v-if--></div><div class="skeleton-loader_wrapper"><!-- eslint-disable-next-line vuejs-accessibility/click-events-have-key-events --><div class="product-grid-cell_sizes"><span class="product-grid-cell_size">21.2 OZ PKG</span><span aria-hidden="true"> | </span><!--v-if--><span class="product-grid-cell_unit">$9.02 /LB</span></div><!--v-if--></div><!--v-if--></button><div class="product-grid-cell_promo-name"><!--v-if--><!--v-if--><!--v-if--><!--v-if--><!--v-if--></div><!--v-if--><!--v-if--><!--v-if--><!--v-if--><div class="margin-top--one"><!--v-if--><div class="pdl-add-to-cart" coupon-clipped="false"><div class="pdl-add-to-cart_button"><button class="button button--add-to-cart" aria-label="Add to cart" data-product-id="223074" data-price="11.99">Add to cart <!--v-if--></button><!--v-if--><!--v-if--><!-- Swap n Save --><!--v-if--></div><!--v-if--></div><!--v-if--><!--v-if--></div><!--v-if--></div></div><!-- MOBILE VIEW --><!--v-if--><!-- This is for xxsmall devices --><div class="mobile-product-list-cell_bottom m-4 hidden"><div class="mobile-product-list-cell_bottom_cart-ui-wrapper"><!--v-if--><div class="pdl-add-to-cart" coupon-clipped="false"><div class="pdl-add-to-cart_button"><button class="button button--add-to-cart" aria-label="Add to cart" data-product-id="223074" data-price="11.99">Add to cart <!--v-if--></button><!--v-if--><!--v-if--><!-- Swap n Save --><!--v-if--></div><!--v-if--></div><!--v-if--><!--v-if--></div><!--v-if--></div><div class="product-tile_action-items" is-typeahead="false"><!--v-if--><!--v-if--><div class="shopping-list-menu_container"><div class="relative-el"><button class="button pdl-product-detail_top-icon button--fourth pdl-product-detail_top-icon--borderless" aria-label="add to shopping list" page-view="browse aisles" title=""><!--v-if--><div class="vector-icon-size--large"><svg xmlns="http://www.w3.org/2000/svg" class="vector-icon-color--dark-grey" aria-label="Shopping List Icon Add" viewBox="0 0 32 32" role="presentation" aria-hidden="true" focusable="false"><title lang="en">Shopping List Icon Add</title><desc></desc><g fill="" stroke=""><g><path d="M21.94066,15.3368884 L21.94066,12.8931995 C21.94066,12.3409148 22.3883752,11.8931995 22.94066,11.8931995 C23.4929447,11.8931995 23.94066,12.3409148 23.94066,12.8931995 L23.94066,15.3368884 L26.2522624,15.3368884 C26.8045471,15.3368884 27.2522624,15.7846037 27.2522624,16.3368884 C27.2522624,16.8891732 26.8045471,17.3368884 26.2522624,17.3368884 L23.94066,17.3368884 L23.94066,19.8787952 C23.94066,20.43108 23.4929447,20.8787952 22.94066,20.8787952 C22.3883752,20.8787952 21.94066,20.43108 21.94066,19.8787952 L21.94066,17.3368884 L19.2666667,17.3368884 C18.7143819,17.3368884 18.2666667,16.8891732 18.2666667,16.3368884 C18.2666667,15.7846037 18.7143819,15.3368884 19.2666667,15.3368884 L21.94066,15.3368884 Z M8,12 C7.44771525,12 7,11.5522847 7,11 C7,10.4477153 7.44771525,10 8,10 L19.1153581,10 C19.6676429,10 20.1153581,10.4477153 20.1153581,11 C20.1153581,11.5522847 19.6676429,12 19.1153581,12 L8,12 Z M8,17.3368884 C7.44771525,17.3368884 7,16.8891732 7,16.3368884 C7,15.7846037 7.44771525,15.3368884 8,15.3368884 L14.7200696,15.3368884 C15.2723543,15.3368884 15.7200696,15.7846037 15.7200696,16.3368884 C15.7200696,16.8891732 15.2723543,17.3368884 14.7200696,17.3368884 L8,17.3368884 Z M8,23 C7.44771525,23 7,22.5522847 7,22 C7,21.4477153 7.44771525,21 8,21 L19.1153581,21 C19.6676429,21 20.1153581,21.4477153 20.1153581,22 C20.1153581,22.5522847 19.6676429,23 19.1153581,23 L8,23 Z" fill="#000000" fill-rule="nonzero"></path></g></g></svg></div><div class="pdl-product-detail_list-tooltip"><p class="no-wrap">Sign in to add to shopping list</p><em></em></div></button></div></div></div><!--v-if--></li><!--v-if--></ul><!--v-if--><!--v-if--><!--v-if--><!--v-if--></div><div tabindex="-1" class="pdl-carousel_item zone-block_carousel-item" style="height: auto; width: 697px;"><ul class="product-list product-list-triple pt-0 pdl-carousel_content" islastslide="false" itemcountpriorslide="[object Object]" index="4" style="height: auto;"><!-- eslint-disable vuejs-accessibility/mouse-events-have-key-events --><li tabindex="-1" data-product-id="184611" class="tile product-cell product-grid-cell mb-0"><!--v-if--><!--v-if--><!--v-if--><div class="product-tile_content"><!--v-if--><a href="https://stopandshop.com/product/hebrew-national-100-kosher-bun-length-beef-franks-6-ct-12-oz-pkg/184611" aria-hidden="true" tabindex="-1"><div><!--v-if--><img src="data:image/svg+xml;base64,PD94bWwgdmVyc2lvbj0iMS4wIiBlbmNvZGluZz0idXRmLTgiPz4KPCEtLSBHZW5lcmF0ZWQgYnkgSWNvTW9vbi5pbyAtLT4KPCFET0NUWVBFIHN2ZyBQVUJMSUMgIi0vL1czQy8vRFREIFNWRyAxLjEvL0VOIiAiaHR0cDovL3d3dy53My5vcmcvR3JhcGhpY3MvU1ZHLzEuMS9EVEQvc3ZnMTEuZHRkIj4KPHN2ZyB2ZXJzaW9uPSIxLjEiIHhtbG5zPSJodHRwOi8vd3d3LnczLm9yZy8yMDAwL3N2ZyIgeG1sbnM6eGxpbms9Imh0dHA6Ly93d3cudzMub3JnLzE5OTkveGxpbmsiIHdpZHRoPSI0OCIgaGVpZ2h0PSI0OCIgdmlld0JveD0iMCAwIDQ4IDQ4Ij4KPGcgaWQ9Imljb21vb24taWdub3JlIj4KCTxsaW5lIHN0cm9rZS13aWR0aD0iMSIgeDE9IiIgeTE9IiIgeDI9IiIgeTI9IiIgc3Ryb2tlPSIjNDQ5RkRCIiBvcGFjaXR5PSIiPjwvbGluZT4KPC9nPgoJPHBhdGggZD0iTTM4LjQ4IDkuMDcwYzAuMjQ4IDAgMC40NSAwLjIwMiAwLjQ1IDAuNDV2MjguOTU5YzAgMC4yNDgtMC4yMDIgMC40NS0wLjQ1IDAuNDVoLTI4Ljk1OWMtMC4yNDggMC0wLjQ1LTAuMjAyLTAuNDUtMC40NXYtMjguOTU5YzAtMC4yNDggMC4yMDItMC40NSAwLjQ1LTAuNDVoMjguOTU5ek0zOC40OCA4aC0yOC45NTljLTAuODQgMC0xLjUyIDAuNjgxLTEuNTIgMS41MjF2MjguOTU5YzAgMC44NCAwLjY4MSAxLjUyMSAxLjUyIDEuNTIxaDI4Ljk1OWMwLjg0IDAgMS41Mi0wLjY4MSAxLjUyLTEuNTIxdi0yOC45NTljMC0wLjg0LTAuNjgxLTEuNTIxLTEuNTItMS41MjF2MHoiIG9wYWNpdHk9IjEiIHZpc2liaWxpdHk9ImZhbHNlIiBmaWxsPSIjZDdkN2Q3Ij48L3BhdGg+Cgk8cGF0aCBkPSJNMTIuMjI4IDM1LjIyNHYtMy4zMjljMC0wLjE0NSAwLjA1OC0wLjI4NSAwLjE2LTAuMzg4bDUuNTg3LTUuNTg3YzAuMjE0LTAuMjE0IDAuNTYxLTAuMjE0IDAuNzc1IDBsMi4xMTkgMi4xMTljMC4yMTQgMC4yMTQgMC41NjEgMC4yMTQgMC43NzUgMGw4LjE5MS04LjE5MmMwLjIxNC0wLjIxNCAwLjU2MS0wLjIxNCAwLjc3NSAwbDUgNWMwLjEwMyAwLjEwMyAwLjE2IDAuMjQyIDAuMTYgMC4zODh2OS45ODhjMCAwLjMwMy0wLjI0NSAwLjU0OC0wLjU0OCAwLjU0OGgtMjIuNDQ3Yy0wLjMwMyAwLTAuNTQ4LTAuMjQ1LTAuNTQ4LTAuNTQ4eiIgb3BhY2l0eT0iMSIgdmlzaWJpbGl0eT0iZmFsc2UiIGZpbGw9IiNkN2Q3ZDciPjwvcGF0aD4KCTxwYXRoIGQ9Ik0yMS41NDQgMTcuOTY3YzAgMS45ODItMS42MDYgMy41ODgtMy41ODggMy41ODhzLTMuNTg4LTEuNjA2LTMuNTg4LTMuNTg4YzAtMS45ODEgMS42MDYtMy41ODggMy41ODgtMy41ODhzMy41ODggMS42MDYgMy41ODggMy41ODh6IiBvcGFjaXR5PSIxIiB2aXNpYmlsaXR5PSJmYWxzZSIgZmlsbD0iI2Q3ZDdkNyI+PC9wYXRoPgo8L3N2Zz4K" alt="Hebrew National 100% Kosher Bun Length Beef Franks - 6 ct 12 OZ PKG" class="product-grid-image object-contain product-grid-cell_main-image" skeleton-box-size="14rem"></div></a><div class="product-grid-cell_price-tag product-grid-cell_price-tag--full-tile"><div class="product-tile_detail"><div class="skeleton-loader_wrapper cursor-pointer"><!-- eslint-disable-next-line vuejs-accessibility/click-events-have-key-events --><div class="product-grid-cell_price-container"><span class="sr-only">Hebrew National 100% Kosher Bun Length Beef Franks - 6 ct</span><span class="product-grid-cell_main-price"><!--v-if--> $6.99</span><!--v-if--></div><!--v-if--></div><!--v-if--></div><button class="product-tile_detail-title"><div class="skeleton-loader_wrapper"><div class="product-grid-cell_name"><a id="product-name-184611-17497327348028496" class="product-grid-cell_name-text product-grid-cell_name-text--small product-grid-cell_name-text--clamp-2" href="https://stopandshop.com/product/hebrew-national-100-kosher-bun-length-beef-franks-6-ct-12-oz-pkg/184611" data-opens-modal="true" aria-haspopup="dialog"><!--v-if--> Hebrew National 100% Kosher Bun Length Beef Franks - 6 ct</a></div><!--v-if--><!--v-if--></div><div class="skeleton-loader_wrapper"><!-- eslint-disable-next-line vuejs-accessibility/click-events-have-key-events --><div class="product-grid-cell_sizes"><span class="product-grid-cell_size">12 OZ PKG</span><span aria-hidden="true"> | </span><!--v-if--><span class="product-grid-cell_unit">$9.32 /LB</span></div><!--v-if--></div><!--v-if--></button><div class="product-grid-cell_promo-name"><!--v-if--><!--v-if--><!--v-if--><!--v-if--><!--v-if--></div><!--v-if--><!--v-if--><!--v-if--><!--v-if--><div class="margin-top--one"><!--v-if--><div class="pdl-add-to-cart" coupon-clipped="false"><div class="pdl-add-to-cart_button"><button class="button button--add-to-cart" aria-label="Add to cart" data-product-id="184611" data-price="6.99">Add to cart <!--v-if--></button><!--v-if--><!--v-if--><!-- Swap n Save --><!--v-if--></div><!--v-if--></div><!--v-if--><!--v-if--></div><!--v-if--></div></div><!-- MOBILE VIEW --><!--v-if--><!-- This is for xxsmall devices --><div class="mobile-product-list-cell_bottom m-4 hidden"><div class="mobile-product-list-cell_bottom_cart-ui-wrapper"><!--v-if--><div class="pdl-add-to-cart" coupon-clipped="false"><div class="pdl-add-to-cart_button"><button class="button button--add-to-cart" aria-label="Add to cart" data-product-id="184611" data-price="6.99">Add to cart <!--v-if--></button><!--v-if--><!--v-if--><!-- Swap n Save --><!--v-if--></div><!--v-if--></div><!--v-if--><!--v-if--></div><!--v-if--></div><div class="product-tile_action-items" is-typeahead="false"><!--v-if--><!--v-if--><div class="shopping-list-menu_container"><div class="relative-el"><button class="button pdl-product-detail_top-icon button--fourth pdl-product-detail_top-icon--borderless" aria-label="add to shopping list" page-view="browse aisles" title=""><!--v-if--><div class="vector-icon-size--large"><svg xmlns="http://www.w3.org/2000/svg" class="vector-icon-color--dark-grey" aria-label="Shopping List Icon Add" viewBox="0 0 32 32" role="presentation" aria-hidden="true" focusable="false"><title lang="en">Shopping List Icon Add</title><desc></desc><g fill="" stroke=""><g><path d="M21.94066,15.3368884 L21.94066,12.8931995 C21.94066,12.3409148 22.3883752,11.8931995 22.94066,11.8931995 C23.4929447,11.8931995 23.94066,12.3409148 23.94066,12.8931995 L23.94066,15.3368884 L26.2522624,15.3368884 C26.8045471,15.3368884 27.2522624,15.7846037 27.2522624,16.3368884 C27.2522624,16.8891732 26.8045471,17.3368884 26.2522624,17.3368884 L23.94066,17.3368884 L23.94066,19.8787952 C23.94066,20.43108 23.4929447,20.8787952 22.94066,20.8787952 C22.3883752,20.8787952 21.94066,20.43108 21.94066,19.8787952 L21.94066,17.3368884 L19.2666667,17.3368884 C18.7143819,17.3368884 18.2666667,16.8891732 18.2666667,16.3368884 C18.2666667,15.7846037 18.7143819,15.3368884 19.2666667,15.3368884 L21.94066,15.3368884 Z M8,12 C7.44771525,12 7,11.5522847 7,11 C7,10.4477153 7.44771525,10 8,10 L19.1153581,10 C19.6676429,10 20.1153581,10.4477153 20.1153581,11 C20.1153581,11.5522847 19.6676429,12 19.1153581,12 L8,12 Z M8,17.3368884 C7.44771525,17.3368884 7,16.8891732 7,16.3368884 C7,15.7846037 7.44771525,15.3368884 8,15.3368884 L14.7200696,15.3368884 C15.2723543,15.3368884 15.7200696,15.7846037 15.7200696,16.3368884 C15.7200696,16.8891732 15.2723543,17.3368884 14.7200696,17.3368884 L8,17.3368884 Z M8,23 C7.44771525,23 7,22.5522847 7,22 C7,21.4477153 7.44771525,21 8,21 L19.1153581,21 C19.6676429,21 20.1153581,21.4477153 20.1153581,22 C20.1153581,22.5522847 19.6676429,23 19.1153581,23 L8,23 Z" fill="#000000" fill-rule="nonzero"></path></g></g></svg></div><div class="pdl-product-detail_list-tooltip"><p class="no-wrap">Sign in to add to shopping list</p><em></em></div></button></div></div></div><!--v-if--></li><!-- eslint-disable vuejs-accessibility/mouse-events-have-key-events --><li tabindex="-1" data-product-id="206907" class="tile product-cell product-grid-cell mb-0"><!--v-if--><!--v-if--><!--v-if--><div class="product-tile_content"><!--v-if--><a href="https://stopandshop.com/product/stop-shop-natural-80-lean-20-fat-ground-beef-patties-8-ct-frozen-2-lb-box/206907" aria-hidden="true" tabindex="-1"><div><!--v-if--><img src="data:image/svg+xml;base64,PD94bWwgdmVyc2lvbj0iMS4wIiBlbmNvZGluZz0idXRmLTgiPz4KPCEtLSBHZW5lcmF0ZWQgYnkgSWNvTW9vbi5pbyAtLT4KPCFET0NUWVBFIHN2ZyBQVUJMSUMgIi0vL1czQy8vRFREIFNWRyAxLjEvL0VOIiAiaHR0cDovL3d3dy53My5vcmcvR3JhcGhpY3MvU1ZHLzEuMS9EVEQvc3ZnMTEuZHRkIj4KPHN2ZyB2ZXJzaW9uPSIxLjEiIHhtbG5zPSJodHRwOi8vd3d3LnczLm9yZy8yMDAwL3N2ZyIgeG1sbnM6eGxpbms9Imh0dHA6Ly93d3cudzMub3JnLzE5OTkveGxpbmsiIHdpZHRoPSI0OCIgaGVpZ2h0PSI0OCIgdmlld0JveD0iMCAwIDQ4IDQ4Ij4KPGcgaWQ9Imljb21vb24taWdub3JlIj4KCTxsaW5lIHN0cm9rZS13aWR0aD0iMSIgeDE9IiIgeTE9IiIgeDI9IiIgeTI9IiIgc3Ryb2tlPSIjNDQ5RkRCIiBvcGFjaXR5PSIiPjwvbGluZT4KPC9nPgoJPHBhdGggZD0iTTM4LjQ4IDkuMDcwYzAuMjQ4IDAgMC40NSAwLjIwMiAwLjQ1IDAuNDV2MjguOTU5YzAgMC4yNDgtMC4yMDIgMC40NS0wLjQ1IDAuNDVoLTI4Ljk1OWMtMC4yNDggMC0wLjQ1LTAuMjAyLTAuNDUtMC40NXYtMjguOTU5YzAtMC4yNDggMC4yMDItMC40NSAwLjQ1LTAuNDVoMjguOTU5ek0zOC40OCA4aC0yOC45NTljLTAuODQgMC0xLjUyIDAuNjgxLTEuNTIgMS41MjF2MjguOTU5YzAgMC44NCAwLjY4MSAxLjUyMSAxLjUyIDEuNTIxaDI4Ljk1OWMwLjg0IDAgMS41Mi0wLjY4MSAxLjUyLTEuNTIxdi0yOC45NTljMC0wLjg0LTAuNjgxLTEuNTIxLTEuNTItMS41MjF2MHoiIG9wYWNpdHk9IjEiIHZpc2liaWxpdHk9ImZhbHNlIiBmaWxsPSIjZDdkN2Q3Ij48L3BhdGg+Cgk8cGF0aCBkPSJNMTIuMjI4IDM1LjIyNHYtMy4zMjljMC0wLjE0NSAwLjA1OC0wLjI4NSAwLjE2LTAuMzg4bDUuNTg3LTUuNTg3YzAuMjE0LTAuMjE0IDAuNTYxLTAuMjE0IDAuNzc1IDBsMi4xMTkgMi4xMTljMC4yMTQgMC4yMTQgMC41NjEgMC4yMTQgMC43NzUgMGw4LjE5MS04LjE5MmMwLjIxNC0wLjIxNCAwLjU2MS0wLjIxNCAwLjc3NSAwbDUgNWMwLjEwMyAwLjEwMyAwLjE2IDAuMjQyIDAuMTYgMC4zODh2OS45ODhjMCAwLjMwMy0wLjI0NSAwLjU0OC0wLjU0OCAwLjU0OGgtMjIuNDQ3Yy0wLjMwMyAwLTAuNTQ4LTAuMjQ1LTAuNTQ4LTAuNTQ4eiIgb3BhY2l0eT0iMSIgdmlzaWJpbGl0eT0iZmFsc2UiIGZpbGw9IiNkN2Q3ZDciPjwvcGF0aD4KCTxwYXRoIGQ9Ik0yMS41NDQgMTcuOTY3YzAgMS45ODItMS42MDYgMy41ODgtMy41ODggMy41ODhzLTMuNTg4LTEuNjA2LTMuNTg4LTMuNTg4YzAtMS45ODEgMS42MDYtMy41ODggMy41ODgtMy41ODhzMy41ODggMS42MDYgMy41ODggMy41ODh6IiBvcGFjaXR5PSIxIiB2aXNpYmlsaXR5PSJmYWxzZSIgZmlsbD0iI2Q3ZDdkNyI+PC9wYXRoPgo8L3N2Zz4K" alt="Stop &amp; Shop Natural 80% Lean 20% Fat Ground Beef Patties - 8 ct Frozen 2 LB BOX" class="product-grid-image object-contain product-grid-cell_main-image" skeleton-box-size="14rem"></div></a><div class="product-grid-cell_price-tag product-grid-cell_price-tag--full-tile"><div class="product-tile_detail"><div class="skeleton-loader_wrapper cursor-pointer"><!-- eslint-disable-next-line vuejs-accessibility/click-events-have-key-events --><div class="product-grid-cell_price-container"><span class="sr-only">Stop &amp; Shop Natural 80% Lean 20% Fat Ground Beef Patties - 8 ct Frozen</span><span class="product-grid-cell_main-price"><!--v-if--> $10.99</span><!--v-if--></div><!--v-if--></div><!--v-if--></div><button class="product-tile_detail-title"><div class="skeleton-loader_wrapper"><div class="product-grid-cell_name"><a id="product-name-206907-17497327348045613" class="product-grid-cell_name-text product-grid-cell_name-text--small product-grid-cell_name-text--clamp-2" href="https://stopandshop.com/product/stop-shop-natural-80-lean-20-fat-ground-beef-patties-8-ct-frozen-2-lb-box/206907" data-opens-modal="true" aria-haspopup="dialog"><span class="vector-icon_inline-text--left mr-0"><div class="vector-icon-size--xsmall"><svg xmlns="http://www.w3.org/2000/svg" class="" aria-label="Ahold Icon" viewBox="0 0 1024 945" role="presentation" aria-hidden="true" focusable="false"><title lang="en">Ahold Icon</title><desc></desc><g fill="" stroke=""><g><path d="M1.893 730.617c-1.289-2.094-2.052-4.631-2.052-7.346 0-.747.058-1.481.169-2.197.158-12.396 10.227-22.466 22.687-22.634h895.306c12.476.168 22.545 10.237 22.713 22.698-.521 3.721-1.182 6.924-2.024 10.053l.131-.574c-86.363 175.072-263.598 293.385-468.466 293.385S88.254 905.689 3.252 733.663l-1.361-3.046z" class="path1" fill="#F7A800"></path><path d="M107.889 132.495c1.893-1.893 1.893-3.786 3.786-5.678 2.98-3.491 7.385-5.69 12.303-5.69s9.323 2.199 12.284 5.668l.019.022L613.264 603.8c3.491 2.98 5.69 7.385 5.69 12.303s-2.199 9.323-5.668 12.284c-1.399 1.869-3.361 3.216-5.631 3.789l-.069.015c-38.446 13.732-82.796 21.669-129.001 21.669-108.416 0-206.626-43.699-277.977-114.443C130.241 467.591 86.799 369.1 86.799 260.462c0-45.803 7.722-89.803 21.936-130.767l-.845 2.8z" class="path2" fill="#E2231A"></path><path d="M600.015 1.893a6.922 6.922 0 0 1 5.713-1.889c.057-.006.164-.007.272-.007 7.15 0 12.947 5.796 12.947 12.947 0 .108-.001.215-.004.322v-.016 503.482c.002.091.004.199.004.306 0 7.15-5.796 12.947-12.947 12.947-.108 0-.215-.001-.322-.004a6.925 6.925 0 0 1-5.665-1.895l.002.002c-98.273-48.542-164.673-148.065-164.673-263.098S501.743 50.434 598.306 2.657l1.709-.765z" class="path3" fill="#712177"></path><path d="M938.824 283.919c1.893 0 1.893 1.893 3.786 1.893 1.765 2.012 2.841 4.666 2.841 7.571s-1.077 5.559-2.853 7.584l.011-.013-268.776 266.884c-2.012 1.765-4.666 2.841-7.571 2.841s-5.559-1.077-7.584-2.853a3.774 3.774 0 0 1-1.877-3.793l-.002.019c-7.681-21.529-12.12-46.363-12.12-72.235 0-61.263 24.891-116.712 65.111-156.786 39.326-39.792 93.895-64.431 154.219-64.431 26.857 0 52.573 4.884 76.309 13.812l-1.494-.493z" class="path4" fill="#82BC00"></path></g></g></svg></div></span> Stop &amp; Shop Natural 80% Lean 20% Fat Ground Beef Patties - 8 ct Frozen</a></div><!--v-if--><!--v-if--></div><div class="skeleton-loader_wrapper"><!-- eslint-disable-next-line vuejs-accessibility/click-events-have-key-events --><div class="product-grid-cell_sizes"><span class="product-grid-cell_size">2 LB BOX</span><span aria-hidden="true"> | </span><!--v-if--><span class="product-grid-cell_unit">$5.50 /LB</span></div><!--v-if--></div><!--v-if--></button><div class="product-grid-cell_promo-name"><!--v-if--><!--v-if--><!--v-if--><!--v-if--><!--v-if--></div><!--v-if--><!--v-if--><!--v-if--><!--v-if--><div class="margin-top--one"><!--v-if--><div class="pdl-add-to-cart" coupon-clipped="false"><div class="pdl-add-to-cart_button"><button class="button button--add-to-cart" aria-label="Add to cart" data-product-id="206907" data-price="10.99">Add to cart <!--v-if--></button><!--v-if--><!--v-if--><!-- Swap n Save --><!--v-if--></div><!--v-if--></div><!--v-if--><!--v-if--></div><!--v-if--></div></div><!-- MOBILE VIEW --><!--v-if--><!-- This is for xxsmall devices --><div class="mobile-product-list-cell_bottom m-4 hidden"><div class="mobile-product-list-cell_bottom_cart-ui-wrapper"><!--v-if--><div class="pdl-add-to-cart" coupon-clipped="false"><div class="pdl-add-to-cart_button"><button class="button button--add-to-cart" aria-label="Add to cart" data-product-id="206907" data-price="10.99">Add to cart <!--v-if--></button><!--v-if--><!--v-if--><!-- Swap n Save --><!--v-if--></div><!--v-if--></div><!--v-if--><!--v-if--></div><!--v-if--></div><div class="product-tile_action-items" is-typeahead="false"><!--v-if--><!--v-if--><div class="shopping-list-menu_container"><div class="relative-el"><button class="button pdl-product-detail_top-icon button--fourth pdl-product-detail_top-icon--borderless" aria-label="add to shopping list" page-view="browse aisles" title=""><!--v-if--><div class="vector-icon-size--large"><svg xmlns="http://www.w3.org/2000/svg" class="vector-icon-color--dark-grey" aria-label="Shopping List Icon Add" viewBox="0 0 32 32" role="presentation" aria-hidden="true" focusable="false"><title lang="en">Shopping List Icon Add</title><desc></desc><g fill="" stroke=""><g><path d="M21.94066,15.3368884 L21.94066,12.8931995 C21.94066,12.3409148 22.3883752,11.8931995 22.94066,11.8931995 C23.4929447,11.8931995 23.94066,12.3409148 23.94066,12.8931995 L23.94066,15.3368884 L26.2522624,15.3368884 C26.8045471,15.3368884 27.2522624,15.7846037 27.2522624,16.3368884 C27.2522624,16.8891732 26.8045471,17.3368884 26.2522624,17.3368884 L23.94066,17.3368884 L23.94066,19.8787952 C23.94066,20.43108 23.4929447,20.8787952 22.94066,20.8787952 C22.3883752,20.8787952 21.94066,20.43108 21.94066,19.8787952 L21.94066,17.3368884 L19.2666667,17.3368884 C18.7143819,17.3368884 18.2666667,16.8891732 18.2666667,16.3368884 C18.2666667,15.7846037 18.7143819,15.3368884 19.2666667,15.3368884 L21.94066,15.3368884 Z M8,12 C7.44771525,12 7,11.5522847 7,11 C7,10.4477153 7.44771525,10 8,10 L19.1153581,10 C19.6676429,10 20.1153581,10.4477153 20.1153581,11 C20.1153581,11.5522847 19.6676429,12 19.1153581,12 L8,12 Z M8,17.3368884 C7.44771525,17.3368884 7,16.8891732 7,16.3368884 C7,15.7846037 7.44771525,15.3368884 8,15.3368884 L14.7200696,15.3368884 C15.2723543,15.3368884 15.7200696,15.7846037 15.7200696,16.3368884 C15.7200696,16.8891732 15.2723543,17.3368884 14.7200696,17.3368884 L8,17.3368884 Z M8,23 C7.44771525,23 7,22.5522847 7,22 C7,21.4477153 7.44771525,21 8,21 L19.1153581,21 C19.6676429,21 20.1153581,21.4477153 20.1153581,22 C20.1153581,22.5522847 19.6676429,23 19.1153581,23 L8,23 Z" fill="#000000" fill-rule="nonzero"></path></g></g></svg></div><div class="pdl-product-detail_list-tooltip"><p class="no-wrap">Sign in to add to shopping list</p><em></em></div></button></div></div></div><!--v-if--></li><!-- eslint-disable vuejs-accessibility/mouse-events-have-key-events --><li tabindex="-1" data-product-id="131235" class="tile product-cell product-grid-cell mb-0"><!--v-if--><!--v-if--><!--v-if--><div class="product-tile_content"><!--v-if--><a href="https://stopandshop.com/product/stop-shop-natural-90-lean-10-fat-ground-beef-patties-4-ct-fresh-apx-1.25-lb/131235" aria-hidden="true" tabindex="-1"><div><!--v-if--><img src="data:image/svg+xml;base64,PD94bWwgdmVyc2lvbj0iMS4wIiBlbmNvZGluZz0idXRmLTgiPz4KPCEtLSBHZW5lcmF0ZWQgYnkgSWNvTW9vbi5pbyAtLT4KPCFET0NUWVBFIHN2ZyBQVUJMSUMgIi0vL1czQy8vRFREIFNWRyAxLjEvL0VOIiAiaHR0cDovL3d3dy53My5vcmcvR3JhcGhpY3MvU1ZHLzEuMS9EVEQvc3ZnMTEuZHRkIj4KPHN2ZyB2ZXJzaW9uPSIxLjEiIHhtbG5zPSJodHRwOi8vd3d3LnczLm9yZy8yMDAwL3N2ZyIgeG1sbnM6eGxpbms9Imh0dHA6Ly93d3cudzMub3JnLzE5OTkveGxpbmsiIHdpZHRoPSI0OCIgaGVpZ2h0PSI0OCIgdmlld0JveD0iMCAwIDQ4IDQ4Ij4KPGcgaWQ9Imljb21vb24taWdub3JlIj4KCTxsaW5lIHN0cm9rZS13aWR0aD0iMSIgeDE9IiIgeTE9IiIgeDI9IiIgeTI9IiIgc3Ryb2tlPSIjNDQ5RkRCIiBvcGFjaXR5PSIiPjwvbGluZT4KPC9nPgoJPHBhdGggZD0iTTM4LjQ4IDkuMDcwYzAuMjQ4IDAgMC40NSAwLjIwMiAwLjQ1IDAuNDV2MjguOTU5YzAgMC4yNDgtMC4yMDIgMC40NS0wLjQ1IDAuNDVoLTI4Ljk1OWMtMC4yNDggMC0wLjQ1LTAuMjAyLTAuNDUtMC40NXYtMjguOTU5YzAtMC4yNDggMC4yMDItMC40NSAwLjQ1LTAuNDVoMjguOTU5ek0zOC40OCA4aC0yOC45NTljLTAuODQgMC0xLjUyIDAuNjgxLTEuNTIgMS41MjF2MjguOTU5YzAgMC44NCAwLjY4MSAxLjUyMSAxLjUyIDEuNTIxaDI4Ljk1OWMwLjg0IDAgMS41Mi0wLjY4MSAxLjUyLTEuNTIxdi0yOC45NTljMC0wLjg0LTAuNjgxLTEuNTIxLTEuNTItMS41MjF2MHoiIG9wYWNpdHk9IjEiIHZpc2liaWxpdHk9ImZhbHNlIiBmaWxsPSIjZDdkN2Q3Ij48L3BhdGg+Cgk8cGF0aCBkPSJNMTIuMjI4IDM1LjIyNHYtMy4zMjljMC0wLjE0NSAwLjA1OC0wLjI4NSAwLjE2LTAuMzg4bDUuNTg3LTUuNTg3YzAuMjE0LTAuMjE0IDAuNTYxLTAuMjE0IDAuNzc1IDBsMi4xMTkgMi4xMTljMC4yMTQgMC4yMTQgMC41NjEgMC4yMTQgMC43NzUgMGw4LjE5MS04LjE5MmMwLjIxNC0wLjIxNCAwLjU2MS0wLjIxNCAwLjc3NSAwbDUgNWMwLjEwMyAwLjEwMyAwLjE2IDAuMjQyIDAuMTYgMC4zODh2OS45ODhjMCAwLjMwMy0wLjI0NSAwLjU0OC0wLjU0OCAwLjU0OGgtMjIuNDQ3Yy0wLjMwMyAwLTAuNTQ4LTAuMjQ1LTAuNTQ4LTAuNTQ4eiIgb3BhY2l0eT0iMSIgdmlzaWJpbGl0eT0iZmFsc2UiIGZpbGw9IiNkN2Q3ZDciPjwvcGF0aD4KCTxwYXRoIGQ9Ik0yMS41NDQgMTcuOTY3YzAgMS45ODItMS42MDYgMy41ODgtMy41ODggMy41ODhzLTMuNTg4LTEuNjA2LTMuNTg4LTMuNTg4YzAtMS45ODEgMS42MDYtMy41ODggMy41ODgtMy41ODhzMy41ODggMS42MDYgMy41ODggMy41ODh6IiBvcGFjaXR5PSIxIiB2aXNpYmlsaXR5PSJmYWxzZSIgZmlsbD0iI2Q3ZDdkNyI+PC9wYXRoPgo8L3N2Zz4K" alt="Stop &amp; Shop Natural 90% Lean 10% Fat Ground Beef Patties - 4 ct Fresh APX 1.25 LB" class="product-grid-image object-contain product-grid-cell_main-image" skeleton-box-size="14rem"></div></a><div class="product-grid-cell_price-tag product-grid-cell_price-tag--full-tile"><div class="product-tile_detail"><div class="skeleton-loader_wrapper cursor-pointer"><!-- eslint-disable-next-line vuejs-accessibility/click-events-have-key-events --><div class="product-grid-cell_price-container"><span class="sr-only">Stop &amp; Shop Natural 90% Lean 10% Fat Ground Beef Patties - 4 ct Fresh</span><span class="product-grid-cell_main-price"><!--v-if--> $10.61</span><!--v-if--></div><!--v-if--></div><!--v-if--></div><button class="product-tile_detail-title"><div class="skeleton-loader_wrapper"><div class="product-grid-cell_name"><a id="product-name-131235-17497327348057295" class="product-grid-cell_name-text product-grid-cell_name-text--small product-grid-cell_name-text--clamp-2" href="https://stopandshop.com/product/stop-shop-natural-90-lean-10-fat-ground-beef-patties-4-ct-fresh-apx-1.25-lb/131235" data-opens-modal="true" aria-haspopup="dialog"><span class="vector-icon_inline-text--left mr-0"><div class="vector-icon-size--xsmall"><svg xmlns="http://www.w3.org/2000/svg" class="" aria-label="Ahold Icon" viewBox="0 0 1024 945" role="presentation" aria-hidden="true" focusable="false"><title lang="en">Ahold Icon</title><desc></desc><g fill="" stroke=""><g><path d="M1.893 730.617c-1.289-2.094-2.052-4.631-2.052-7.346 0-.747.058-1.481.169-2.197.158-12.396 10.227-22.466 22.687-22.634h895.306c12.476.168 22.545 10.237 22.713 22.698-.521 3.721-1.182 6.924-2.024 10.053l.131-.574c-86.363 175.072-263.598 293.385-468.466 293.385S88.254 905.689 3.252 733.663l-1.361-3.046z" class="path1" fill="#F7A800"></path><path d="M107.889 132.495c1.893-1.893 1.893-3.786 3.786-5.678 2.98-3.491 7.385-5.69 12.303-5.69s9.323 2.199 12.284 5.668l.019.022L613.264 603.8c3.491 2.98 5.69 7.385 5.69 12.303s-2.199 9.323-5.668 12.284c-1.399 1.869-3.361 3.216-5.631 3.789l-.069.015c-38.446 13.732-82.796 21.669-129.001 21.669-108.416 0-206.626-43.699-277.977-114.443C130.241 467.591 86.799 369.1 86.799 260.462c0-45.803 7.722-89.803 21.936-130.767l-.845 2.8z" class="path2" fill="#E2231A"></path><path d="M600.015 1.893a6.922 6.922 0 0 1 5.713-1.889c.057-.006.164-.007.272-.007 7.15 0 12.947 5.796 12.947 12.947 0 .108-.001.215-.004.322v-.016 503.482c.002.091.004.199.004.306 0 7.15-5.796 12.947-12.947 12.947-.108 0-.215-.001-.322-.004a6.925 6.925 0 0 1-5.665-1.895l.002.002c-98.273-48.542-164.673-148.065-164.673-263.098S501.743 50.434 598.306 2.657l1.709-.765z" class="path3" fill="#712177"></path><path d="M938.824 283.919c1.893 0 1.893 1.893 3.786 1.893 1.765 2.012 2.841 4.666 2.841 7.571s-1.077 5.559-2.853 7.584l.011-.013-268.776 266.884c-2.012 1.765-4.666 2.841-7.571 2.841s-5.559-1.077-7.584-2.853a3.774 3.774 0 0 1-1.877-3.793l-.002.019c-7.681-21.529-12.12-46.363-12.12-72.235 0-61.263 24.891-116.712 65.111-156.786 39.326-39.792 93.895-64.431 154.219-64.431 26.857 0 52.573 4.884 76.309 13.812l-1.494-.493z" class="path4" fill="#82BC00"></path></g></g></svg></div></span> Stop &amp; Shop Natural 90% Lean 10% Fat Ground Beef Patties - 4 ct Fresh</a></div><!--v-if--><!--v-if--></div><div class="skeleton-loader_wrapper"><!-- eslint-disable-next-line vuejs-accessibility/click-events-have-key-events --><div class="product-grid-cell_sizes"><span class="product-grid-cell_size">APX 1.25 LB</span><span aria-hidden="true"> | </span><!--v-if--><span class="product-grid-cell_unit">$8.49 /LB</span></div><!--v-if--></div><!--v-if--></button><div class="product-grid-cell_promo-name"><!--v-if--><!--v-if--><!--v-if--><!--v-if--><!--v-if--></div><!--v-if--><!--v-if--><!--v-if--><!--v-if--><div class="margin-top--one"><!--v-if--><div class="pdl-add-to-cart" coupon-clipped="false"><div class="pdl-add-to-cart_button"><button class="button button--add-to-cart" aria-label="Add to cart" data-product-id="131235" data-price="10.61">Add to cart <!--v-if--></button><!--v-if--><!--v-if--><!-- Swap n Save --><!--v-if--></div><!--v-if--></div><!--v-if--><!--v-if--></div><!--v-if--></div></div><!-- MOBILE VIEW --><!--v-if--><!-- This is for xxsmall devices --><div class="mobile-product-list-cell_bottom m-4 hidden"><div class="mobile-product-list-cell_bottom_cart-ui-wrapper"><!--v-if--><div class="pdl-add-to-cart" coupon-clipped="false"><div class="pdl-add-to-cart_button"><button class="button button--add-to-cart" aria-label="Add to cart" data-product-id="131235" data-price="10.61">Add to cart <!--v-if--></button><!--v-if--><!--v-if--><!-- Swap n Save --><!--v-if--></div><!--v-if--></div><!--v-if--><!--v-if--></div><!--v-if--></div><div class="product-tile_action-items" is-typeahead="false"><!--v-if--><!--v-if--><div class="shopping-list-menu_container"><div class="relative-el"><button class="button pdl-product-detail_top-icon button--fourth pdl-product-detail_top-icon--borderless" aria-label="add to shopping list" page-view="browse aisles" title=""><!--v-if--><div class="vector-icon-size--large"><svg xmlns="http://www.w3.org/2000/svg" class="vector-icon-color--dark-grey" aria-label="Shopping List Icon Add" viewBox="0 0 32 32" role="presentation" aria-hidden="true" focusable="false"><title lang="en">Shopping List Icon Add</title><desc></desc><g fill="" stroke=""><g><path d="M21.94066,15.3368884 L21.94066,12.8931995 C21.94066,12.3409148 22.3883752,11.8931995 22.94066,11.8931995 C23.4929447,11.8931995 23.94066,12.3409148 23.94066,12.8931995 L23.94066,15.3368884 L26.2522624,15.3368884 C26.8045471,15.3368884 27.2522624,15.7846037 27.2522624,16.3368884 C27.2522624,16.8891732 26.8045471,17.3368884 26.2522624,17.3368884 L23.94066,17.3368884 L23.94066,19.8787952 C23.94066,20.43108 23.4929447,20.8787952 22.94066,20.8787952 C22.3883752,20.8787952 21.94066,20.43108 21.94066,19.8787952 L21.94066,17.3368884 L19.2666667,17.3368884 C18.7143819,17.3368884 18.2666667,16.8891732 18.2666667,16.3368884 C18.2666667,15.7846037 18.7143819,15.3368884 19.2666667,15.3368884 L21.94066,15.3368884 Z M8,12 C7.44771525,12 7,11.5522847 7,11 C7,10.4477153 7.44771525,10 8,10 L19.1153581,10 C19.6676429,10 20.1153581,10.4477153 20.1153581,11 C20.1153581,11.5522847 19.6676429,12 19.1153581,12 L8,12 Z M8,17.3368884 C7.44771525,17.3368884 7,16.8891732 7,16.3368884 C7,15.7846037 7.44771525,15.3368884 8,15.3368884 L14.7200696,15.3368884 C15.2723543,15.3368884 15.7200696,15.7846037 15.7200696,16.3368884 C15.7200696,16.8891732 15.2723543,17.3368884 14.7200696,17.3368884 L8,17.3368884 Z M8,23 C7.44771525,23 7,22.5522847 7,22 C7,21.4477153 7.44771525,21 8,21 L19.1153581,21 C19.6676429,21 20.1153581,21.4477153 20.1153581,22 C20.1153581,22.5522847 19.6676429,23 19.1153581,23 L8,23 Z" fill="#000000" fill-rule="nonzero"></path></g></g></svg></div><div class="pdl-product-detail_list-tooltip"><p class="no-wrap">Sign in to add to shopping list</p><em></em></div></button></div></div></div><!--v-if--></li><!--v-if--></ul><!--v-if--><!--v-if--><!--v-if--><!--v-if--></div><div tabindex="-1" class="pdl-carousel_item zone-block_carousel-item" style="height: auto; width: 697px;"><ul class="product-list product-list-triple pt-0 pdl-carousel_content" islastslide="false" itemcountpriorslide="[object Object]" index="5" style="height: auto;"><!-- eslint-disable vuejs-accessibility/mouse-events-have-key-events --><li tabindex="-1" data-product-id="265273" class="tile product-cell product-grid-cell mb-0"><!--v-if--><!--v-if--><!--v-if--><div class="product-tile_content"><div class="flag_outer-container"><div class=""><svg xmlns="http://www.w3.org/2000/svg" class="w-20 ml-3" aria-label="Sale" viewBox="0 0 32 32" role="presentation" aria-hidden="true" focusable="false"><title lang="en">Sale</title><desc></desc><g fill="" stroke=""><g><path d="M16.56 19.87a3.81 3.81 0 0 1-1-.13l-13.39-3.5a1.5 1.5 0 0 1-1.12-1.34l-.81-11a1.52 1.52 0 0 1 1.39-1.61l27.69-2h.11a1.51 1.51 0 0 1 1.5 1.4l.82 11a1.52 1.52 0 0 1-.91 1.5l-12.72 5.36a3.79 3.79 0 0 1-1.56.32Z" fill="#ed1256"></path><path fill="#fff" d="M29.43.48a1.26 1.26 0 0 1 1.26 1.17l.82 11a1.27 1.27 0 0 1-.76 1.26L18 19.34a3.72 3.72 0 0 1-1.47.3 3.79 3.79 0 0 1-.94-.12L2.24 16a1.27 1.27 0 0 1-1-1.13l-.81-11a1.26 1.26 0 0 1 1.22-1.33L29.34.48h.09m0-.48h-.13L1.62 2A1.76 1.76 0 0 0 0 3.92l.82 11a1.73 1.73 0 0 0 1.3 1.55L15.5 20a4.3 4.3 0 0 0 1.07.14 4.24 4.24 0 0 0 1.65-.34l12.72-5.44A1.76 1.76 0 0 0 32 12.59l-.82-11A1.76 1.76 0 0 0 29.43 0Z"></path><path fill="#fff" d="M3.74 9.87a3 3 0 0 0 .82.55 2.21 2.21 0 0 0 1.08.19 1.6 1.6 0 0 0 .29 0 1 1 0 0 0 .26-.12.58.58 0 0 0 .18-.2.62.62 0 0 0 0-.31.59.59 0 0 0-.32-.49 3.38 3.38 0 0 0-.85-.34L4.84 9a4.19 4.19 0 0 1-.69-.26 2.44 2.44 0 0 1-.63-.41 1.92 1.92 0 0 1-.7-1.42 2.68 2.68 0 0 1 .1-1A2.2 2.2 0 0 1 3.39 5a2.42 2.42 0 0 1 .82-.6 3.15 3.15 0 0 1 1.17-.28 3.68 3.68 0 0 1 1.72.24 3 3 0 0 1 .57.29A2.66 2.66 0 0 1 8 5l-.82 1.37a4.42 4.42 0 0 0-.82-.45 2 2 0 0 0-.85-.13 1.4 1.4 0 0 0-.28.06A.9.9 0 0 0 5 6a.62.62 0 0 0-.16.2.5.5 0 0 0 0 .28.6.6 0 0 0 .1.31.68.68 0 0 0 .24.2 1.27 1.27 0 0 0 .35.15l.43.13.35.09a7.49 7.49 0 0 1 .69.22 2.2 2.2 0 0 1 .72.42 2.46 2.46 0 0 1 .54.68 2.31 2.31 0 0 1 .27 1 2.15 2.15 0 0 1-.15 1 2.53 2.53 0 0 1-.56.84 2.77 2.77 0 0 1-.88.59 4 4 0 0 1-1.11.27A4.67 4.67 0 0 1 4 12.25a3.79 3.79 0 0 1-1.28-.75ZM11.29 3.89l2.17-.16 3.1 7.7-2 .15L14 10l-2.39.18-.35 1.67-2 .14Zm2.15 4.6-1-2.84-.61 2.95ZM17 3.47l1.89-.14.44 6 3.3-.25.16 1.92-5.19.39ZM23.36 3l5.13-.38.13 1.8-3.24.24.09 1.22 2.66-.2.12 1.7-2.65.2.09 1.35 3.46-.26.13 1.81-5.34.4Z"></path></g></g></svg></div><!--v-if--><!--v-if--><!--v-if--><!--v-if--></div><a href="https://stopandshop.com/product/wahlburgers-gourmet-blend-angus-ground-beef-burgers-4-ct-fresh-21.3-oz-pkg/265273" aria-hidden="true" tabindex="-1"><div><!--v-if--><img src="data:image/svg+xml;base64,PD94bWwgdmVyc2lvbj0iMS4wIiBlbmNvZGluZz0idXRmLTgiPz4KPCEtLSBHZW5lcmF0ZWQgYnkgSWNvTW9vbi5pbyAtLT4KPCFET0NUWVBFIHN2ZyBQVUJMSUMgIi0vL1czQy8vRFREIFNWRyAxLjEvL0VOIiAiaHR0cDovL3d3dy53My5vcmcvR3JhcGhpY3MvU1ZHLzEuMS9EVEQvc3ZnMTEuZHRkIj4KPHN2ZyB2ZXJzaW9uPSIxLjEiIHhtbG5zPSJodHRwOi8vd3d3LnczLm9yZy8yMDAwL3N2ZyIgeG1sbnM6eGxpbms9Imh0dHA6Ly93d3cudzMub3JnLzE5OTkveGxpbmsiIHdpZHRoPSI0OCIgaGVpZ2h0PSI0OCIgdmlld0JveD0iMCAwIDQ4IDQ4Ij4KPGcgaWQ9Imljb21vb24taWdub3JlIj4KCTxsaW5lIHN0cm9rZS13aWR0aD0iMSIgeDE9IiIgeTE9IiIgeDI9IiIgeTI9IiIgc3Ryb2tlPSIjNDQ5RkRCIiBvcGFjaXR5PSIiPjwvbGluZT4KPC9nPgoJPHBhdGggZD0iTTM4LjQ4IDkuMDcwYzAuMjQ4IDAgMC40NSAwLjIwMiAwLjQ1IDAuNDV2MjguOTU5YzAgMC4yNDgtMC4yMDIgMC40NS0wLjQ1IDAuNDVoLTI4Ljk1OWMtMC4yNDggMC0wLjQ1LTAuMjAyLTAuNDUtMC40NXYtMjguOTU5YzAtMC4yNDggMC4yMDItMC40NSAwLjQ1LTAuNDVoMjguOTU5ek0zOC40OCA4aC0yOC45NTljLTAuODQgMC0xLjUyIDAuNjgxLTEuNTIgMS41MjF2MjguOTU5YzAgMC44NCAwLjY4MSAxLjUyMSAxLjUyIDEuNTIxaDI4Ljk1OWMwLjg0IDAgMS41Mi0wLjY4MSAxLjUyLTEuNTIxdi0yOC45NTljMC0wLjg0LTAuNjgxLTEuNTIxLTEuNTItMS41MjF2MHoiIG9wYWNpdHk9IjEiIHZpc2liaWxpdHk9ImZhbHNlIiBmaWxsPSIjZDdkN2Q3Ij48L3BhdGg+Cgk8cGF0aCBkPSJNMTIuMjI4IDM1LjIyNHYtMy4zMjljMC0wLjE0NSAwLjA1OC0wLjI4NSAwLjE2LTAuMzg4bDUuNTg3LTUuNTg3YzAuMjE0LTAuMjE0IDAuNTYxLTAuMjE0IDAuNzc1IDBsMi4xMTkgMi4xMTljMC4yMTQgMC4yMTQgMC41NjEgMC4yMTQgMC43NzUgMGw4LjE5MS04LjE5MmMwLjIxNC0wLjIxNCAwLjU2MS0wLjIxNCAwLjc3NSAwbDUgNWMwLjEwMyAwLjEwMyAwLjE2IDAuMjQyIDAuMTYgMC4zODh2OS45ODhjMCAwLjMwMy0wLjI0NSAwLjU0OC0wLjU0OCAwLjU0OGgtMjIuNDQ3Yy0wLjMwMyAwLTAuNTQ4LTAuMjQ1LTAuNTQ4LTAuNTQ4eiIgb3BhY2l0eT0iMSIgdmlzaWJpbGl0eT0iZmFsc2UiIGZpbGw9IiNkN2Q3ZDciPjwvcGF0aD4KCTxwYXRoIGQ9Ik0yMS41NDQgMTcuOTY3YzAgMS45ODItMS42MDYgMy41ODgtMy41ODggMy41ODhzLTMuNTg4LTEuNjA2LTMuNTg4LTMuNTg4YzAtMS45ODEgMS42MDYtMy41ODggMy41ODgtMy41ODhzMy41ODggMS42MDYgMy41ODggMy41ODh6IiBvcGFjaXR5PSIxIiB2aXNpYmlsaXR5PSJmYWxzZSIgZmlsbD0iI2Q3ZDdkNyI+PC9wYXRoPgo8L3N2Zz4K" alt="Wahlburgers Gourmet Blend Angus Ground Beef Burgers - 4 ct Fresh 21.3 OZ PKG" class="product-grid-image object-contain product-grid-cell_main-image" skeleton-box-size="14rem"></div></a><div class="product-grid-cell_price-tag product-grid-cell_price-tag--full-tile"><div class="product-tile_detail"><div class="skeleton-loader_wrapper cursor-pointer"><!-- eslint-disable-next-line vuejs-accessibility/click-events-have-key-events --><div class="product-grid-cell_price-container product-grid-cell_price-container_column"><span class="sr-only">Wahlburgers Gourmet Blend Angus Ground Beef Burgers - 4 ct Fresh</span><span class="product-grid-cell_main-price product-grid-cell_main-price--on-sale"><span class="sr-only"> Sale Price </span> $9.99</span><div class="product-grid-cell_was-container"><span class="product-grid-cell_regular-price mb-1 product-grid-cell_regular-price--small"><span class="sr-only"> Original Price </span> $11.99</span></div></div><!--v-if--></div><!--v-if--></div><button class="product-tile_detail-title"><div class="skeleton-loader_wrapper"><div class="product-grid-cell_name"><a id="product-name-265273-17497327348075515" class="product-grid-cell_name-text product-grid-cell_name-text--small product-grid-cell_name-text--clamp-2" href="https://stopandshop.com/product/wahlburgers-gourmet-blend-angus-ground-beef-burgers-4-ct-fresh-21.3-oz-pkg/265273" data-opens-modal="true" aria-haspopup="dialog"><!--v-if--> Wahlburgers Gourmet Blend Angus Ground Beef Burgers - 4 ct Fresh</a></div><!--v-if--><!--v-if--></div><div class="skeleton-loader_wrapper"><!-- eslint-disable-next-line vuejs-accessibility/click-events-have-key-events --><div class="product-grid-cell_sizes"><span class="product-grid-cell_size">21.3 OZ PKG</span><span aria-hidden="true"> | </span><!--v-if--><span class="product-grid-cell_unit">$7.51 /LB</span></div><!--v-if--></div><!--v-if--></button><div class="product-grid-cell_promo-name"><!--v-if--><!--v-if--><!--v-if--><!--v-if--><!--v-if--></div><!--v-if--><!--v-if--><!--v-if--><!--v-if--><div class="margin-top--one"><!--v-if--><div class="pdl-add-to-cart" coupon-clipped="false"><div class="pdl-add-to-cart_button"><button class="button button--add-to-cart add-sale" aria-label="Add to cart" data-product-id="265273" data-price="9.99">Add to cart <!--v-if--></button><!--v-if--><!--v-if--><!-- Swap n Save --><!--v-if--></div><!--v-if--></div><!--v-if--><!--v-if--></div><!--v-if--></div></div><!-- MOBILE VIEW --><!--v-if--><!-- This is for xxsmall devices --><div class="mobile-product-list-cell_bottom m-4 hidden"><div class="mobile-product-list-cell_bottom_cart-ui-wrapper"><!--v-if--><div class="pdl-add-to-cart" coupon-clipped="false"><div class="pdl-add-to-cart_button"><button class="button button--add-to-cart add-sale" aria-label="Add to cart" data-product-id="265273" data-price="9.99">Add to cart <!--v-if--></button><!--v-if--><!--v-if--><!-- Swap n Save --><!--v-if--></div><!--v-if--></div><!--v-if--><!--v-if--></div><!--v-if--></div><div class="product-tile_action-items" is-typeahead="false"><!--v-if--><!--v-if--><div class="shopping-list-menu_container"><div class="relative-el"><button class="button pdl-product-detail_top-icon button--fourth pdl-product-detail_top-icon--borderless" aria-label="add to shopping list" page-view="browse aisles" title=""><!--v-if--><div class="vector-icon-size--large"><svg xmlns="http://www.w3.org/2000/svg" class="vector-icon-color--dark-grey" aria-label="Shopping List Icon Add" viewBox="0 0 32 32" role="presentation" aria-hidden="true" focusable="false"><title lang="en">Shopping List Icon Add</title><desc></desc><g fill="" stroke=""><g><path d="M21.94066,15.3368884 L21.94066,12.8931995 C21.94066,12.3409148 22.3883752,11.8931995 22.94066,11.8931995 C23.4929447,11.8931995 23.94066,12.3409148 23.94066,12.8931995 L23.94066,15.3368884 L26.2522624,15.3368884 C26.8045471,15.3368884 27.2522624,15.7846037 27.2522624,16.3368884 C27.2522624,16.8891732 26.8045471,17.3368884 26.2522624,17.3368884 L23.94066,17.3368884 L23.94066,19.8787952 C23.94066,20.43108 23.4929447,20.8787952 22.94066,20.8787952 C22.3883752,20.8787952 21.94066,20.43108 21.94066,19.8787952 L21.94066,17.3368884 L19.2666667,17.3368884 C18.7143819,17.3368884 18.2666667,16.8891732 18.2666667,16.3368884 C18.2666667,15.7846037 18.7143819,15.3368884 19.2666667,15.3368884 L21.94066,15.3368884 Z M8,12 C7.44771525,12 7,11.5522847 7,11 C7,10.4477153 7.44771525,10 8,10 L19.1153581,10 C19.6676429,10 20.1153581,10.4477153 20.1153581,11 C20.1153581,11.5522847 19.6676429,12 19.1153581,12 L8,12 Z M8,17.3368884 C7.44771525,17.3368884 7,16.8891732 7,16.3368884 C7,15.7846037 7.44771525,15.3368884 8,15.3368884 L14.7200696,15.3368884 C15.2723543,15.3368884 15.7200696,15.7846037 15.7200696,16.3368884 C15.7200696,16.8891732 15.2723543,17.3368884 14.7200696,17.3368884 L8,17.3368884 Z M8,23 C7.44771525,23 7,22.5522847 7,22 C7,21.4477153 7.44771525,21 8,21 L19.1153581,21 C19.6676429,21 20.1153581,21.4477153 20.1153581,22 C20.1153581,22.5522847 19.6676429,23 19.1153581,23 L8,23 Z" fill="#000000" fill-rule="nonzero"></path></g></g></svg></div><div class="pdl-product-detail_list-tooltip"><p class="no-wrap">Sign in to add to shopping list</p><em></em></div></button></div></div></div><!--v-if--></li><!-- eslint-disable vuejs-accessibility/mouse-events-have-key-events --><li tabindex="-1" data-product-id="130041" class="tile product-cell product-grid-cell mb-0"><!--v-if--><!--v-if--><!--v-if--><div class="product-tile_content"><!--v-if--><a href="https://stopandshop.com/product/applegate-natural-grass-fed-uncured-beef-hot-dogs-6-ct-10-oz-pkg/130041" aria-hidden="true" tabindex="-1"><div><!--v-if--><img src="data:image/svg+xml;base64,PD94bWwgdmVyc2lvbj0iMS4wIiBlbmNvZGluZz0idXRmLTgiPz4KPCEtLSBHZW5lcmF0ZWQgYnkgSWNvTW9vbi5pbyAtLT4KPCFET0NUWVBFIHN2ZyBQVUJMSUMgIi0vL1czQy8vRFREIFNWRyAxLjEvL0VOIiAiaHR0cDovL3d3dy53My5vcmcvR3JhcGhpY3MvU1ZHLzEuMS9EVEQvc3ZnMTEuZHRkIj4KPHN2ZyB2ZXJzaW9uPSIxLjEiIHhtbG5zPSJodHRwOi8vd3d3LnczLm9yZy8yMDAwL3N2ZyIgeG1sbnM6eGxpbms9Imh0dHA6Ly93d3cudzMub3JnLzE5OTkveGxpbmsiIHdpZHRoPSI0OCIgaGVpZ2h0PSI0OCIgdmlld0JveD0iMCAwIDQ4IDQ4Ij4KPGcgaWQ9Imljb21vb24taWdub3JlIj4KCTxsaW5lIHN0cm9rZS13aWR0aD0iMSIgeDE9IiIgeTE9IiIgeDI9IiIgeTI9IiIgc3Ryb2tlPSIjNDQ5RkRCIiBvcGFjaXR5PSIiPjwvbGluZT4KPC9nPgoJPHBhdGggZD0iTTM4LjQ4IDkuMDcwYzAuMjQ4IDAgMC40NSAwLjIwMiAwLjQ1IDAuNDV2MjguOTU5YzAgMC4yNDgtMC4yMDIgMC40NS0wLjQ1IDAuNDVoLTI4Ljk1OWMtMC4yNDggMC0wLjQ1LTAuMjAyLTAuNDUtMC40NXYtMjguOTU5YzAtMC4yNDggMC4yMDItMC40NSAwLjQ1LTAuNDVoMjguOTU5ek0zOC40OCA4aC0yOC45NTljLTAuODQgMC0xLjUyIDAuNjgxLTEuNTIgMS41MjF2MjguOTU5YzAgMC44NCAwLjY4MSAxLjUyMSAxLjUyIDEuNTIxaDI4Ljk1OWMwLjg0IDAgMS41Mi0wLjY4MSAxLjUyLTEuNTIxdi0yOC45NTljMC0wLjg0LTAuNjgxLTEuNTIxLTEuNTItMS41MjF2MHoiIG9wYWNpdHk9IjEiIHZpc2liaWxpdHk9ImZhbHNlIiBmaWxsPSIjZDdkN2Q3Ij48L3BhdGg+Cgk8cGF0aCBkPSJNMTIuMjI4IDM1LjIyNHYtMy4zMjljMC0wLjE0NSAwLjA1OC0wLjI4NSAwLjE2LTAuMzg4bDUuNTg3LTUuNTg3YzAuMjE0LTAuMjE0IDAuNTYxLTAuMjE0IDAuNzc1IDBsMi4xMTkgMi4xMTljMC4yMTQgMC4yMTQgMC41NjEgMC4yMTQgMC43NzUgMGw4LjE5MS04LjE5MmMwLjIxNC0wLjIxNCAwLjU2MS0wLjIxNCAwLjc3NSAwbDUgNWMwLjEwMyAwLjEwMyAwLjE2IDAuMjQyIDAuMTYgMC4zODh2OS45ODhjMCAwLjMwMy0wLjI0NSAwLjU0OC0wLjU0OCAwLjU0OGgtMjIuNDQ3Yy0wLjMwMyAwLTAuNTQ4LTAuMjQ1LTAuNTQ4LTAuNTQ4eiIgb3BhY2l0eT0iMSIgdmlzaWJpbGl0eT0iZmFsc2UiIGZpbGw9IiNkN2Q3ZDciPjwvcGF0aD4KCTxwYXRoIGQ9Ik0yMS41NDQgMTcuOTY3YzAgMS45ODItMS42MDYgMy41ODgtMy41ODggMy41ODhzLTMuNTg4LTEuNjA2LTMuNTg4LTMuNTg4YzAtMS45ODEgMS42MDYtMy41ODggMy41ODgtMy41ODhzMy41ODggMS42MDYgMy41ODggMy41ODh6IiBvcGFjaXR5PSIxIiB2aXNpYmlsaXR5PSJmYWxzZSIgZmlsbD0iI2Q3ZDdkNyI+PC9wYXRoPgo8L3N2Zz4K" alt="Applegate Natural Grass-fed Uncured Beef Hot Dogs - 6 ct 10 OZ PKG" class="product-grid-image object-contain product-grid-cell_main-image" skeleton-box-size="14rem"></div></a><div class="product-grid-cell_price-tag product-grid-cell_price-tag--full-tile"><div class="product-tile_detail"><div class="skeleton-loader_wrapper cursor-pointer"><!-- eslint-disable-next-line vuejs-accessibility/click-events-have-key-events --><div class="product-grid-cell_price-container"><span class="sr-only">Applegate Natural Grass-fed Uncured Beef Hot Dogs - 6 ct</span><span class="product-grid-cell_main-price"><!--v-if--> $7.49</span><!--v-if--></div><!--v-if--></div><!--v-if--></div><button class="product-tile_detail-title"><div class="skeleton-loader_wrapper"><div class="product-grid-cell_name"><a id="product-name-130041-17497327348080881" class="product-grid-cell_name-text product-grid-cell_name-text--small product-grid-cell_name-text--clamp-2" href="https://stopandshop.com/product/applegate-natural-grass-fed-uncured-beef-hot-dogs-6-ct-10-oz-pkg/130041" data-opens-modal="true" aria-haspopup="dialog"><!--v-if--> Applegate Natural Grass-fed Uncured Beef Hot Dogs - 6 ct</a></div><!--v-if--><!--v-if--></div><div class="skeleton-loader_wrapper"><!-- eslint-disable-next-line vuejs-accessibility/click-events-have-key-events --><div class="product-grid-cell_sizes"><span class="product-grid-cell_size">10 OZ PKG</span><span aria-hidden="true"> | </span><!--v-if--><span class="product-grid-cell_unit">$11.89 /LB</span></div><!--v-if--></div><!--v-if--></button><div class="product-grid-cell_promo-name"><!--v-if--><!--v-if--><!--v-if--><!--v-if--><!--v-if--></div><!--v-if--><!--v-if--><!--v-if--><!--v-if--><div class="margin-top--one"><!--v-if--><div class="pdl-add-to-cart" coupon-clipped="false"><div class="pdl-add-to-cart_button"><button class="button button--add-to-cart" aria-label="Add to cart" data-product-id="130041" data-price="7.49">Add to cart <!--v-if--></button><!--v-if--><!--v-if--><!-- Swap n Save --><!--v-if--></div><!--v-if--></div><!--v-if--><!--v-if--></div><!--v-if--></div></div><!-- MOBILE VIEW --><!--v-if--><!-- This is for xxsmall devices --><div class="mobile-product-list-cell_bottom m-4 hidden"><div class="mobile-product-list-cell_bottom_cart-ui-wrapper"><!--v-if--><div class="pdl-add-to-cart" coupon-clipped="false"><div class="pdl-add-to-cart_button"><button class="button button--add-to-cart" aria-label="Add to cart" data-product-id="130041" data-price="7.49">Add to cart <!--v-if--></button><!--v-if--><!--v-if--><!-- Swap n Save --><!--v-if--></div><!--v-if--></div><!--v-if--><!--v-if--></div><!--v-if--></div><div class="product-tile_action-items" is-typeahead="false"><!--v-if--><!--v-if--><div class="shopping-list-menu_container"><div class="relative-el"><button class="button pdl-product-detail_top-icon button--fourth pdl-product-detail_top-icon--borderless" aria-label="add to shopping list" page-view="browse aisles" title=""><!--v-if--><div class="vector-icon-size--large"><svg xmlns="http://www.w3.org/2000/svg" class="vector-icon-color--dark-grey" aria-label="Shopping List Icon Add" viewBox="0 0 32 32" role="presentation" aria-hidden="true" focusable="false"><title lang="en">Shopping List Icon Add</title><desc></desc><g fill="" stroke=""><g><path d="M21.94066,15.3368884 L21.94066,12.8931995 C21.94066,12.3409148 22.3883752,11.8931995 22.94066,11.8931995 C23.4929447,11.8931995 23.94066,12.3409148 23.94066,12.8931995 L23.94066,15.3368884 L26.2522624,15.3368884 C26.8045471,15.3368884 27.2522624,15.7846037 27.2522624,16.3368884 C27.2522624,16.8891732 26.8045471,17.3368884 26.2522624,17.3368884 L23.94066,17.3368884 L23.94066,19.8787952 C23.94066,20.43108 23.4929447,20.8787952 22.94066,20.8787952 C22.3883752,20.8787952 21.94066,20.43108 21.94066,19.8787952 L21.94066,17.3368884 L19.2666667,17.3368884 C18.7143819,17.3368884 18.2666667,16.8891732 18.2666667,16.3368884 C18.2666667,15.7846037 18.7143819,15.3368884 19.2666667,15.3368884 L21.94066,15.3368884 Z M8,12 C7.44771525,12 7,11.5522847 7,11 C7,10.4477153 7.44771525,10 8,10 L19.1153581,10 C19.6676429,10 20.1153581,10.4477153 20.1153581,11 C20.1153581,11.5522847 19.6676429,12 19.1153581,12 L8,12 Z M8,17.3368884 C7.44771525,17.3368884 7,16.8891732 7,16.3368884 C7,15.7846037 7.44771525,15.3368884 8,15.3368884 L14.7200696,15.3368884 C15.2723543,15.3368884 15.7200696,15.7846037 15.7200696,16.3368884 C15.7200696,16.8891732 15.2723543,17.3368884 14.7200696,17.3368884 L8,17.3368884 Z M8,23 C7.44771525,23 7,22.5522847 7,22 C7,21.4477153 7.44771525,21 8,21 L19.1153581,21 C19.6676429,21 20.1153581,21.4477153 20.1153581,22 C20.1153581,22.5522847 19.6676429,23 19.1153581,23 L8,23 Z" fill="#000000" fill-rule="nonzero"></path></g></g></svg></div><div class="pdl-product-detail_list-tooltip"><p class="no-wrap">Sign in to add to shopping list</p><em></em></div></button></div></div></div><!--v-if--></li><!-- eslint-disable vuejs-accessibility/mouse-events-have-key-events --><li tabindex="-1" data-product-id="140218" class="tile product-cell product-grid-cell mb-0"><!--v-if--><!--v-if--><!--v-if--><div class="product-tile_content"><!--v-if--><a href="https://stopandshop.com/product/bubba-burger-sweet-onion-1-3-lb-beef-chuck-patties-6-ct-frozen-32-oz-box/140218" aria-hidden="true" tabindex="-1"><div><!--v-if--><img src="data:image/svg+xml;base64,PD94bWwgdmVyc2lvbj0iMS4wIiBlbmNvZGluZz0idXRmLTgiPz4KPCEtLSBHZW5lcmF0ZWQgYnkgSWNvTW9vbi5pbyAtLT4KPCFET0NUWVBFIHN2ZyBQVUJMSUMgIi0vL1czQy8vRFREIFNWRyAxLjEvL0VOIiAiaHR0cDovL3d3dy53My5vcmcvR3JhcGhpY3MvU1ZHLzEuMS9EVEQvc3ZnMTEuZHRkIj4KPHN2ZyB2ZXJzaW9uPSIxLjEiIHhtbG5zPSJodHRwOi8vd3d3LnczLm9yZy8yMDAwL3N2ZyIgeG1sbnM6eGxpbms9Imh0dHA6Ly93d3cudzMub3JnLzE5OTkveGxpbmsiIHdpZHRoPSI0OCIgaGVpZ2h0PSI0OCIgdmlld0JveD0iMCAwIDQ4IDQ4Ij4KPGcgaWQ9Imljb21vb24taWdub3JlIj4KCTxsaW5lIHN0cm9rZS13aWR0aD0iMSIgeDE9IiIgeTE9IiIgeDI9IiIgeTI9IiIgc3Ryb2tlPSIjNDQ5RkRCIiBvcGFjaXR5PSIiPjwvbGluZT4KPC9nPgoJPHBhdGggZD0iTTM4LjQ4IDkuMDcwYzAuMjQ4IDAgMC40NSAwLjIwMiAwLjQ1IDAuNDV2MjguOTU5YzAgMC4yNDgtMC4yMDIgMC40NS0wLjQ1IDAuNDVoLTI4Ljk1OWMtMC4yNDggMC0wLjQ1LTAuMjAyLTAuNDUtMC40NXYtMjguOTU5YzAtMC4yNDggMC4yMDItMC40NSAwLjQ1LTAuNDVoMjguOTU5ek0zOC40OCA4aC0yOC45NTljLTAuODQgMC0xLjUyIDAuNjgxLTEuNTIgMS41MjF2MjguOTU5YzAgMC44NCAwLjY4MSAxLjUyMSAxLjUyIDEuNTIxaDI4Ljk1OWMwLjg0IDAgMS41Mi0wLjY4MSAxLjUyLTEuNTIxdi0yOC45NTljMC0wLjg0LTAuNjgxLTEuNTIxLTEuNTItMS41MjF2MHoiIG9wYWNpdHk9IjEiIHZpc2liaWxpdHk9ImZhbHNlIiBmaWxsPSIjZDdkN2Q3Ij48L3BhdGg+Cgk8cGF0aCBkPSJNMTIuMjI4IDM1LjIyNHYtMy4zMjljMC0wLjE0NSAwLjA1OC0wLjI4NSAwLjE2LTAuMzg4bDUuNTg3LTUuNTg3YzAuMjE0LTAuMjE0IDAuNTYxLTAuMjE0IDAuNzc1IDBsMi4xMTkgMi4xMTljMC4yMTQgMC4yMTQgMC41NjEgMC4yMTQgMC43NzUgMGw4LjE5MS04LjE5MmMwLjIxNC0wLjIxNCAwLjU2MS0wLjIxNCAwLjc3NSAwbDUgNWMwLjEwMyAwLjEwMyAwLjE2IDAuMjQyIDAuMTYgMC4zODh2OS45ODhjMCAwLjMwMy0wLjI0NSAwLjU0OC0wLjU0OCAwLjU0OGgtMjIuNDQ3Yy0wLjMwMyAwLTAuNTQ4LTAuMjQ1LTAuNTQ4LTAuNTQ4eiIgb3BhY2l0eT0iMSIgdmlzaWJpbGl0eT0iZmFsc2UiIGZpbGw9IiNkN2Q3ZDciPjwvcGF0aD4KCTxwYXRoIGQ9Ik0yMS41NDQgMTcuOTY3YzAgMS45ODItMS42MDYgMy41ODgtMy41ODggMy41ODhzLTMuNTg4LTEuNjA2LTMuNTg4LTMuNTg4YzAtMS45ODEgMS42MDYtMy41ODggMy41ODgtMy41ODhzMy41ODggMS42MDYgMy41ODggMy41ODh6IiBvcGFjaXR5PSIxIiB2aXNpYmlsaXR5PSJmYWxzZSIgZmlsbD0iI2Q3ZDdkNyI+PC9wYXRoPgo8L3N2Zz4K" alt="Bubba Burger Sweet Onion 1/3 lb Beef Chuck Patties - 6 ct Frozen 32 OZ BOX" class="product-grid-image object-contain product-grid-cell_main-image" skeleton-box-size="14rem"></div></a><div class="product-grid-cell_price-tag product-grid-cell_price-tag--full-tile"><div class="product-tile_detail"><div class="skeleton-loader_wrapper cursor-pointer"><!-- eslint-disable-next-line vuejs-accessibility/click-events-have-key-events --><div class="product-grid-cell_price-container"><span class="sr-only">Bubba Burger Sweet Onion 1/3 lb Beef Chuck Patties - 6 ct Frozen</span><span class="product-grid-cell_main-price"><!--v-if--> $16.99</span><!--v-if--></div><!--v-if--></div><!--v-if--></div><button class="product-tile_detail-title"><div class="skeleton-loader_wrapper"><div class="product-grid-cell_name"><a id="product-name-140218-17497327348091707" class="product-grid-cell_name-text product-grid-cell_name-text--small product-grid-cell_name-text--clamp-2" href="https://stopandshop.com/product/bubba-burger-sweet-onion-1-3-lb-beef-chuck-patties-6-ct-frozen-32-oz-box/140218" data-opens-modal="true" aria-haspopup="dialog"><!--v-if--> Bubba Burger Sweet Onion 1/3 lb Beef Chuck Patties - 6 ct Frozen</a></div><!--v-if--><!--v-if--></div><div class="skeleton-loader_wrapper"><!-- eslint-disable-next-line vuejs-accessibility/click-events-have-key-events --><div class="product-grid-cell_sizes"><span class="product-grid-cell_size">32 OZ BOX</span><span aria-hidden="true"> | </span><!--v-if--><span class="product-grid-cell_unit">$8.49 /LB</span></div><!--v-if--></div><!--v-if--></button><div class="product-grid-cell_promo-name"><!--v-if--><!--v-if--><!--v-if--><!--v-if--><!--v-if--></div><!--v-if--><!--v-if--><!--v-if--><!--v-if--><div class="margin-top--one"><!--v-if--><div class="pdl-add-to-cart" coupon-clipped="false"><div class="pdl-add-to-cart_button"><button class="button button--add-to-cart" aria-label="Add to cart" data-product-id="140218" data-price="16.99">Add to cart <!--v-if--></button><!--v-if--><!--v-if--><!-- Swap n Save --><!--v-if--></div><!--v-if--></div><!--v-if--><!--v-if--></div><!--v-if--></div></div><!-- MOBILE VIEW --><!--v-if--><!-- This is for xxsmall devices --><div class="mobile-product-list-cell_bottom m-4 hidden"><div class="mobile-product-list-cell_bottom_cart-ui-wrapper"><!--v-if--><div class="pdl-add-to-cart" coupon-clipped="false"><div class="pdl-add-to-cart_button"><button class="button button--add-to-cart" aria-label="Add to cart" data-product-id="140218" data-price="16.99">Add to cart <!--v-if--></button><!--v-if--><!--v-if--><!-- Swap n Save --><!--v-if--></div><!--v-if--></div><!--v-if--><!--v-if--></div><!--v-if--></div><div class="product-tile_action-items" is-typeahead="false"><!--v-if--><!--v-if--><div class="shopping-list-menu_container"><div class="relative-el"><button class="button pdl-product-detail_top-icon button--fourth pdl-product-detail_top-icon--borderless" aria-label="add to shopping list" page-view="browse aisles" title=""><!--v-if--><div class="vector-icon-size--large"><svg xmlns="http://www.w3.org/2000/svg" class="vector-icon-color--dark-grey" aria-label="Shopping List Icon Add" viewBox="0 0 32 32" role="presentation" aria-hidden="true" focusable="false"><title lang="en">Shopping List Icon Add</title><desc></desc><g fill="" stroke=""><g><path d="M21.94066,15.3368884 L21.94066,12.8931995 C21.94066,12.3409148 22.3883752,11.8931995 22.94066,11.8931995 C23.4929447,11.8931995 23.94066,12.3409148 23.94066,12.8931995 L23.94066,15.3368884 L26.2522624,15.3368884 C26.8045471,15.3368884 27.2522624,15.7846037 27.2522624,16.3368884 C27.2522624,16.8891732 26.8045471,17.3368884 26.2522624,17.3368884 L23.94066,17.3368884 L23.94066,19.8787952 C23.94066,20.43108 23.4929447,20.8787952 22.94066,20.8787952 C22.3883752,20.8787952 21.94066,20.43108 21.94066,19.8787952 L21.94066,17.3368884 L19.2666667,17.3368884 C18.7143819,17.3368884 18.2666667,16.8891732 18.2666667,16.3368884 C18.2666667,15.7846037 18.7143819,15.3368884 19.2666667,15.3368884 L21.94066,15.3368884 Z M8,12 C7.44771525,12 7,11.5522847 7,11 C7,10.4477153 7.44771525,10 8,10 L19.1153581,10 C19.6676429,10 20.1153581,10.4477153 20.1153581,11 C20.1153581,11.5522847 19.6676429,12 19.1153581,12 L8,12 Z M8,17.3368884 C7.44771525,17.3368884 7,16.8891732 7,16.3368884 C7,15.7846037 7.44771525,15.3368884 8,15.3368884 L14.7200696,15.3368884 C15.2723543,15.3368884 15.7200696,15.7846037 15.7200696,16.3368884 C15.7200696,16.8891732 15.2723543,17.3368884 14.7200696,17.3368884 L8,17.3368884 Z M8,23 C7.44771525,23 7,22.5522847 7,22 C7,21.4477153 7.44771525,21 8,21 L19.1153581,21 C19.6676429,21 20.1153581,21.4477153 20.1153581,22 C20.1153581,22.5522847 19.6676429,23 19.1153581,23 L8,23 Z" fill="#000000" fill-rule="nonzero"></path></g></g></svg></div><div class="pdl-product-detail_list-tooltip"><p class="no-wrap">Sign in to add to shopping list</p><em></em></div></button></div></div></div><!--v-if--></li><!--v-if--></ul><!--v-if--><!--v-if--><!--v-if--><!--v-if--></div><div tabindex="-1" class="pdl-carousel_item zone-block_carousel-item" style="height: auto; width: 697px;"><ul class="product-list product-list-triple pt-0 pdl-carousel_content" islastslide="false" itemcountpriorslide="[object Object]" index="6" style="height: auto;"><!-- eslint-disable vuejs-accessibility/mouse-events-have-key-events --><li tabindex="-1" data-product-id="153722" class="tile product-cell product-grid-cell mb-0"><!--v-if--><!--v-if--><!--v-if--><div class="product-tile_content"><!--v-if--><a href="https://stopandshop.com/product/bubba-burger-1-3-lb-angus-beef-chuck-patties-6-ct-frozen-2-lb-box/153722" aria-hidden="true" tabindex="-1"><div><!--v-if--><img src="data:image/svg+xml;base64,PD94bWwgdmVyc2lvbj0iMS4wIiBlbmNvZGluZz0idXRmLTgiPz4KPCEtLSBHZW5lcmF0ZWQgYnkgSWNvTW9vbi5pbyAtLT4KPCFET0NUWVBFIHN2ZyBQVUJMSUMgIi0vL1czQy8vRFREIFNWRyAxLjEvL0VOIiAiaHR0cDovL3d3dy53My5vcmcvR3JhcGhpY3MvU1ZHLzEuMS9EVEQvc3ZnMTEuZHRkIj4KPHN2ZyB2ZXJzaW9uPSIxLjEiIHhtbG5zPSJodHRwOi8vd3d3LnczLm9yZy8yMDAwL3N2ZyIgeG1sbnM6eGxpbms9Imh0dHA6Ly93d3cudzMub3JnLzE5OTkveGxpbmsiIHdpZHRoPSI0OCIgaGVpZ2h0PSI0OCIgdmlld0JveD0iMCAwIDQ4IDQ4Ij4KPGcgaWQ9Imljb21vb24taWdub3JlIj4KCTxsaW5lIHN0cm9rZS13aWR0aD0iMSIgeDE9IiIgeTE9IiIgeDI9IiIgeTI9IiIgc3Ryb2tlPSIjNDQ5RkRCIiBvcGFjaXR5PSIiPjwvbGluZT4KPC9nPgoJPHBhdGggZD0iTTM4LjQ4IDkuMDcwYzAuMjQ4IDAgMC40NSAwLjIwMiAwLjQ1IDAuNDV2MjguOTU5YzAgMC4yNDgtMC4yMDIgMC40NS0wLjQ1IDAuNDVoLTI4Ljk1OWMtMC4yNDggMC0wLjQ1LTAuMjAyLTAuNDUtMC40NXYtMjguOTU5YzAtMC4yNDggMC4yMDItMC40NSAwLjQ1LTAuNDVoMjguOTU5ek0zOC40OCA4aC0yOC45NTljLTAuODQgMC0xLjUyIDAuNjgxLTEuNTIgMS41MjF2MjguOTU5YzAgMC44NCAwLjY4MSAxLjUyMSAxLjUyIDEuNTIxaDI4Ljk1OWMwLjg0IDAgMS41Mi0wLjY4MSAxLjUyLTEuNTIxdi0yOC45NTljMC0wLjg0LTAuNjgxLTEuNTIxLTEuNTItMS41MjF2MHoiIG9wYWNpdHk9IjEiIHZpc2liaWxpdHk9ImZhbHNlIiBmaWxsPSIjZDdkN2Q3Ij48L3BhdGg+Cgk8cGF0aCBkPSJNMTIuMjI4IDM1LjIyNHYtMy4zMjljMC0wLjE0NSAwLjA1OC0wLjI4NSAwLjE2LTAuMzg4bDUuNTg3LTUuNTg3YzAuMjE0LTAuMjE0IDAuNTYxLTAuMjE0IDAuNzc1IDBsMi4xMTkgMi4xMTljMC4yMTQgMC4yMTQgMC41NjEgMC4yMTQgMC43NzUgMGw4LjE5MS04LjE5MmMwLjIxNC0wLjIxNCAwLjU2MS0wLjIxNCAwLjc3NSAwbDUgNWMwLjEwMyAwLjEwMyAwLjE2IDAuMjQyIDAuMTYgMC4zODh2OS45ODhjMCAwLjMwMy0wLjI0NSAwLjU0OC0wLjU0OCAwLjU0OGgtMjIuNDQ3Yy0wLjMwMyAwLTAuNTQ4LTAuMjQ1LTAuNTQ4LTAuNTQ4eiIgb3BhY2l0eT0iMSIgdmlzaWJpbGl0eT0iZmFsc2UiIGZpbGw9IiNkN2Q3ZDciPjwvcGF0aD4KCTxwYXRoIGQ9Ik0yMS41NDQgMTcuOTY3YzAgMS45ODItMS42MDYgMy41ODgtMy41ODggMy41ODhzLTMuNTg4LTEuNjA2LTMuNTg4LTMuNTg4YzAtMS45ODEgMS42MDYtMy41ODggMy41ODgtMy41ODhzMy41ODggMS42MDYgMy41ODggMy41ODh6IiBvcGFjaXR5PSIxIiB2aXNpYmlsaXR5PSJmYWxzZSIgZmlsbD0iI2Q3ZDdkNyI+PC9wYXRoPgo8L3N2Zz4K" alt="Bubba Burger 1/3 lb Angus Beef Chuck Patties - 6 ct Frozen 2 LB BOX" class="product-grid-image object-contain product-grid-cell_main-image" skeleton-box-size="14rem"></div></a><div class="product-grid-cell_price-tag product-grid-cell_price-tag--full-tile"><div class="product-tile_detail"><div class="skeleton-loader_wrapper cursor-pointer"><!-- eslint-disable-next-line vuejs-accessibility/click-events-have-key-events --><div class="product-grid-cell_price-container"><span class="sr-only">Bubba Burger 1/3 lb Angus Beef Chuck Patties - 6 ct Frozen</span><span class="product-grid-cell_main-price"><!--v-if--> $17.99</span><!--v-if--></div><!--v-if--></div><!--v-if--></div><button class="product-tile_detail-title"><div class="skeleton-loader_wrapper"><div class="product-grid-cell_name"><a id="product-name-153722-17497327348113673" class="product-grid-cell_name-text product-grid-cell_name-text--small product-grid-cell_name-text--clamp-2" href="https://stopandshop.com/product/bubba-burger-1-3-lb-angus-beef-chuck-patties-6-ct-frozen-2-lb-box/153722" data-opens-modal="true" aria-haspopup="dialog"><!--v-if--> Bubba Burger 1/3 lb Angus Beef Chuck Patties - 6 ct Frozen</a></div><!--v-if--><!--v-if--></div><div class="skeleton-loader_wrapper"><!-- eslint-disable-next-line vuejs-accessibility/click-events-have-key-events --><div class="product-grid-cell_sizes"><span class="product-grid-cell_size">2 LB BOX</span><span aria-hidden="true"> | </span><!--v-if--><span class="product-grid-cell_unit">$8.99 /LB</span></div><!--v-if--></div><!--v-if--></button><div class="product-grid-cell_promo-name"><!--v-if--><!--v-if--><!--v-if--><!--v-if--><!--v-if--></div><!--v-if--><!--v-if--><!--v-if--><!--v-if--><div class="margin-top--one"><!--v-if--><div class="pdl-add-to-cart" coupon-clipped="false"><div class="pdl-add-to-cart_button"><button class="button button--add-to-cart" aria-label="Add to cart" data-product-id="153722" data-price="17.99">Add to cart <!--v-if--></button><!--v-if--><!--v-if--><!-- Swap n Save --><!--v-if--></div><!--v-if--></div><!--v-if--><!--v-if--></div><!--v-if--></div></div><!-- MOBILE VIEW --><!--v-if--><!-- This is for xxsmall devices --><div class="mobile-product-list-cell_bottom m-4 hidden"><div class="mobile-product-list-cell_bottom_cart-ui-wrapper"><!--v-if--><div class="pdl-add-to-cart" coupon-clipped="false"><div class="pdl-add-to-cart_button"><button class="button button--add-to-cart" aria-label="Add to cart" data-product-id="153722" data-price="17.99">Add to cart <!--v-if--></button><!--v-if--><!--v-if--><!-- Swap n Save --><!--v-if--></div><!--v-if--></div><!--v-if--><!--v-if--></div><!--v-if--></div><div class="product-tile_action-items" is-typeahead="false"><!--v-if--><!--v-if--><div class="shopping-list-menu_container"><div class="relative-el"><button class="button pdl-product-detail_top-icon button--fourth pdl-product-detail_top-icon--borderless" aria-label="add to shopping list" page-view="browse aisles" title=""><!--v-if--><div class="vector-icon-size--large"><svg xmlns="http://www.w3.org/2000/svg" class="vector-icon-color--dark-grey" aria-label="Shopping List Icon Add" viewBox="0 0 32 32" role="presentation" aria-hidden="true" focusable="false"><title lang="en">Shopping List Icon Add</title><desc></desc><g fill="" stroke=""><g><path d="M21.94066,15.3368884 L21.94066,12.8931995 C21.94066,12.3409148 22.3883752,11.8931995 22.94066,11.8931995 C23.4929447,11.8931995 23.94066,12.3409148 23.94066,12.8931995 L23.94066,15.3368884 L26.2522624,15.3368884 C26.8045471,15.3368884 27.2522624,15.7846037 27.2522624,16.3368884 C27.2522624,16.8891732 26.8045471,17.3368884 26.2522624,17.3368884 L23.94066,17.3368884 L23.94066,19.8787952 C23.94066,20.43108 23.4929447,20.8787952 22.94066,20.8787952 C22.3883752,20.8787952 21.94066,20.43108 21.94066,19.8787952 L21.94066,17.3368884 L19.2666667,17.3368884 C18.7143819,17.3368884 18.2666667,16.8891732 18.2666667,16.3368884 C18.2666667,15.7846037 18.7143819,15.3368884 19.2666667,15.3368884 L21.94066,15.3368884 Z M8,12 C7.44771525,12 7,11.5522847 7,11 C7,10.4477153 7.44771525,10 8,10 L19.1153581,10 C19.6676429,10 20.1153581,10.4477153 20.1153581,11 C20.1153581,11.5522847 19.6676429,12 19.1153581,12 L8,12 Z M8,17.3368884 C7.44771525,17.3368884 7,16.8891732 7,16.3368884 C7,15.7846037 7.44771525,15.3368884 8,15.3368884 L14.7200696,15.3368884 C15.2723543,15.3368884 15.7200696,15.7846037 15.7200696,16.3368884 C15.7200696,16.8891732 15.2723543,17.3368884 14.7200696,17.3368884 L8,17.3368884 Z M8,23 C7.44771525,23 7,22.5522847 7,22 C7,21.4477153 7.44771525,21 8,21 L19.1153581,21 C19.6676429,21 20.1153581,21.4477153 20.1153581,22 C20.1153581,22.5522847 19.6676429,23 19.1153581,23 L8,23 Z" fill="#000000" fill-rule="nonzero"></path></g></g></svg></div><div class="pdl-product-detail_list-tooltip"><p class="no-wrap">Sign in to add to shopping list</p><em></em></div></button></div></div></div><!--v-if--></li><!-- eslint-disable vuejs-accessibility/mouse-events-have-key-events --><li tabindex="-1" data-product-id="141383" class="tile product-cell product-grid-cell mb-0"><!--v-if--><!--v-if--><!--v-if--><div class="product-tile_content"><div class="flag_outer-container"><div class=""><svg xmlns="http://www.w3.org/2000/svg" class="w-20 ml-3" aria-label="Sale" viewBox="0 0 32 32" role="presentation" aria-hidden="true" focusable="false"><title lang="en">Sale</title><desc></desc><g fill="" stroke=""><g><path d="M16.56 19.87a3.81 3.81 0 0 1-1-.13l-13.39-3.5a1.5 1.5 0 0 1-1.12-1.34l-.81-11a1.52 1.52 0 0 1 1.39-1.61l27.69-2h.11a1.51 1.51 0 0 1 1.5 1.4l.82 11a1.52 1.52 0 0 1-.91 1.5l-12.72 5.36a3.79 3.79 0 0 1-1.56.32Z" fill="#ed1256"></path><path fill="#fff" d="M29.43.48a1.26 1.26 0 0 1 1.26 1.17l.82 11a1.27 1.27 0 0 1-.76 1.26L18 19.34a3.72 3.72 0 0 1-1.47.3 3.79 3.79 0 0 1-.94-.12L2.24 16a1.27 1.27 0 0 1-1-1.13l-.81-11a1.26 1.26 0 0 1 1.22-1.33L29.34.48h.09m0-.48h-.13L1.62 2A1.76 1.76 0 0 0 0 3.92l.82 11a1.73 1.73 0 0 0 1.3 1.55L15.5 20a4.3 4.3 0 0 0 1.07.14 4.24 4.24 0 0 0 1.65-.34l12.72-5.44A1.76 1.76 0 0 0 32 12.59l-.82-11A1.76 1.76 0 0 0 29.43 0Z"></path><path fill="#fff" d="M3.74 9.87a3 3 0 0 0 .82.55 2.21 2.21 0 0 0 1.08.19 1.6 1.6 0 0 0 .29 0 1 1 0 0 0 .26-.12.58.58 0 0 0 .18-.2.62.62 0 0 0 0-.31.59.59 0 0 0-.32-.49 3.38 3.38 0 0 0-.85-.34L4.84 9a4.19 4.19 0 0 1-.69-.26 2.44 2.44 0 0 1-.63-.41 1.92 1.92 0 0 1-.7-1.42 2.68 2.68 0 0 1 .1-1A2.2 2.2 0 0 1 3.39 5a2.42 2.42 0 0 1 .82-.6 3.15 3.15 0 0 1 1.17-.28 3.68 3.68 0 0 1 1.72.24 3 3 0 0 1 .57.29A2.66 2.66 0 0 1 8 5l-.82 1.37a4.42 4.42 0 0 0-.82-.45 2 2 0 0 0-.85-.13 1.4 1.4 0 0 0-.28.06A.9.9 0 0 0 5 6a.62.62 0 0 0-.16.2.5.5 0 0 0 0 .28.6.6 0 0 0 .1.31.68.68 0 0 0 .24.2 1.27 1.27 0 0 0 .35.15l.43.13.35.09a7.49 7.49 0 0 1 .69.22 2.2 2.2 0 0 1 .72.42 2.46 2.46 0 0 1 .54.68 2.31 2.31 0 0 1 .27 1 2.15 2.15 0 0 1-.15 1 2.53 2.53 0 0 1-.56.84 2.77 2.77 0 0 1-.88.59 4 4 0 0 1-1.11.27A4.67 4.67 0 0 1 4 12.25a3.79 3.79 0 0 1-1.28-.75ZM11.29 3.89l2.17-.16 3.1 7.7-2 .15L14 10l-2.39.18-.35 1.67-2 .14Zm2.15 4.6-1-2.84-.61 2.95ZM17 3.47l1.89-.14.44 6 3.3-.25.16 1.92-5.19.39ZM23.36 3l5.13-.38.13 1.8-3.24.24.09 1.22 2.66-.2.12 1.7-2.65.2.09 1.35 3.46-.26.13 1.81-5.34.4Z"></path></g></g></svg></div><!--v-if--><!--v-if--><!--v-if--><!--v-if--></div><a href="https://stopandshop.com/product/sabrett-skinless-beef-frankfurters-8-ct-14-oz-pkg/141383" aria-hidden="true" tabindex="-1"><div><!--v-if--><img src="data:image/svg+xml;base64,PD94bWwgdmVyc2lvbj0iMS4wIiBlbmNvZGluZz0idXRmLTgiPz4KPCEtLSBHZW5lcmF0ZWQgYnkgSWNvTW9vbi5pbyAtLT4KPCFET0NUWVBFIHN2ZyBQVUJMSUMgIi0vL1czQy8vRFREIFNWRyAxLjEvL0VOIiAiaHR0cDovL3d3dy53My5vcmcvR3JhcGhpY3MvU1ZHLzEuMS9EVEQvc3ZnMTEuZHRkIj4KPHN2ZyB2ZXJzaW9uPSIxLjEiIHhtbG5zPSJodHRwOi8vd3d3LnczLm9yZy8yMDAwL3N2ZyIgeG1sbnM6eGxpbms9Imh0dHA6Ly93d3cudzMub3JnLzE5OTkveGxpbmsiIHdpZHRoPSI0OCIgaGVpZ2h0PSI0OCIgdmlld0JveD0iMCAwIDQ4IDQ4Ij4KPGcgaWQ9Imljb21vb24taWdub3JlIj4KCTxsaW5lIHN0cm9rZS13aWR0aD0iMSIgeDE9IiIgeTE9IiIgeDI9IiIgeTI9IiIgc3Ryb2tlPSIjNDQ5RkRCIiBvcGFjaXR5PSIiPjwvbGluZT4KPC9nPgoJPHBhdGggZD0iTTM4LjQ4IDkuMDcwYzAuMjQ4IDAgMC40NSAwLjIwMiAwLjQ1IDAuNDV2MjguOTU5YzAgMC4yNDgtMC4yMDIgMC40NS0wLjQ1IDAuNDVoLTI4Ljk1OWMtMC4yNDggMC0wLjQ1LTAuMjAyLTAuNDUtMC40NXYtMjguOTU5YzAtMC4yNDggMC4yMDItMC40NSAwLjQ1LTAuNDVoMjguOTU5ek0zOC40OCA4aC0yOC45NTljLTAuODQgMC0xLjUyIDAuNjgxLTEuNTIgMS41MjF2MjguOTU5YzAgMC44NCAwLjY4MSAxLjUyMSAxLjUyIDEuNTIxaDI4Ljk1OWMwLjg0IDAgMS41Mi0wLjY4MSAxLjUyLTEuNTIxdi0yOC45NTljMC0wLjg0LTAuNjgxLTEuNTIxLTEuNTItMS41MjF2MHoiIG9wYWNpdHk9IjEiIHZpc2liaWxpdHk9ImZhbHNlIiBmaWxsPSIjZDdkN2Q3Ij48L3BhdGg+Cgk8cGF0aCBkPSJNMTIuMjI4IDM1LjIyNHYtMy4zMjljMC0wLjE0NSAwLjA1OC0wLjI4NSAwLjE2LTAuMzg4bDUuNTg3LTUuNTg3YzAuMjE0LTAuMjE0IDAuNTYxLTAuMjE0IDAuNzc1IDBsMi4xMTkgMi4xMTljMC4yMTQgMC4yMTQgMC41NjEgMC4yMTQgMC43NzUgMGw4LjE5MS04LjE5MmMwLjIxNC0wLjIxNCAwLjU2MS0wLjIxNCAwLjc3NSAwbDUgNWMwLjEwMyAwLjEwMyAwLjE2IDAuMjQyIDAuMTYgMC4zODh2OS45ODhjMCAwLjMwMy0wLjI0NSAwLjU0OC0wLjU0OCAwLjU0OGgtMjIuNDQ3Yy0wLjMwMyAwLTAuNTQ4LTAuMjQ1LTAuNTQ4LTAuNTQ4eiIgb3BhY2l0eT0iMSIgdmlzaWJpbGl0eT0iZmFsc2UiIGZpbGw9IiNkN2Q3ZDciPjwvcGF0aD4KCTxwYXRoIGQ9Ik0yMS41NDQgMTcuOTY3YzAgMS45ODItMS42MDYgMy41ODgtMy41ODggMy41ODhzLTMuNTg4LTEuNjA2LTMuNTg4LTMuNTg4YzAtMS45ODEgMS42MDYtMy41ODggMy41ODgtMy41ODhzMy41ODggMS42MDYgMy41ODggMy41ODh6IiBvcGFjaXR5PSIxIiB2aXNpYmlsaXR5PSJmYWxzZSIgZmlsbD0iI2Q3ZDdkNyI+PC9wYXRoPgo8L3N2Zz4K" alt="Sabrett Skinless Beef Frankfurters - 8 ct 14 OZ PKG" class="product-grid-image object-contain product-grid-cell_main-image" skeleton-box-size="14rem"></div></a><div class="product-grid-cell_price-tag product-grid-cell_price-tag--full-tile"><div class="product-tile_detail"><div class="skeleton-loader_wrapper cursor-pointer"><!-- eslint-disable-next-line vuejs-accessibility/click-events-have-key-events --><div class="product-grid-cell_price-container product-grid-cell_price-container_column"><span class="sr-only">Sabrett Skinless Beef Frankfurters - 8 ct</span><span class="product-grid-cell_main-price product-grid-cell_main-price--on-sale"><span class="sr-only"> Sale Price </span> $4.99</span><div class="product-grid-cell_was-container"><span class="product-grid-cell_regular-price mb-1 product-grid-cell_regular-price--small"><span class="sr-only"> Original Price </span> $6.99</span></div></div><!--v-if--></div><!--v-if--></div><button class="product-tile_detail-title"><div class="skeleton-loader_wrapper"><div class="product-grid-cell_name"><a id="product-name-141383-17497327348127223" class="product-grid-cell_name-text product-grid-cell_name-text--small product-grid-cell_name-text--clamp-2" href="https://stopandshop.com/product/sabrett-skinless-beef-frankfurters-8-ct-14-oz-pkg/141383" data-opens-modal="true" aria-haspopup="dialog"><!--v-if--> Sabrett Skinless Beef Frankfurters - 8 ct</a></div><!--v-if--><!--v-if--></div><div class="skeleton-loader_wrapper"><!-- eslint-disable-next-line vuejs-accessibility/click-events-have-key-events --><div class="product-grid-cell_sizes"><span class="product-grid-cell_size">14 OZ PKG</span><span aria-hidden="true"> | </span><!--v-if--><span class="product-grid-cell_unit">$5.67 /LB</span></div><!--v-if--></div><!--v-if--></button><div class="product-grid-cell_promo-name"><!--v-if--><!--v-if--><!--v-if--><!--v-if--><!--v-if--></div><!--v-if--><!--v-if--><!--v-if--><!--v-if--><div class="margin-top--one"><!--v-if--><div class="pdl-add-to-cart" coupon-clipped="false"><div class="pdl-add-to-cart_button"><button class="button button--add-to-cart add-sale" aria-label="Add to cart" data-product-id="141383" data-price="4.99">Add to cart <!--v-if--></button><!--v-if--><!--v-if--><!-- Swap n Save --><!--v-if--></div><!--v-if--></div><!--v-if--><!--v-if--></div><!--v-if--></div></div><!-- MOBILE VIEW --><!--v-if--><!-- This is for xxsmall devices --><div class="mobile-product-list-cell_bottom m-4 hidden"><div class="mobile-product-list-cell_bottom_cart-ui-wrapper"><!--v-if--><div class="pdl-add-to-cart" coupon-clipped="false"><div class="pdl-add-to-cart_button"><button class="button button--add-to-cart add-sale" aria-label="Add to cart" data-product-id="141383" data-price="4.99">Add to cart <!--v-if--></button><!--v-if--><!--v-if--><!-- Swap n Save --><!--v-if--></div><!--v-if--></div><!--v-if--><!--v-if--></div><!--v-if--></div><div class="product-tile_action-items" is-typeahead="false"><!--v-if--><!--v-if--><div class="shopping-list-menu_container"><div class="relative-el"><button class="button pdl-product-detail_top-icon button--fourth pdl-product-detail_top-icon--borderless" aria-label="add to shopping list" page-view="browse aisles" title=""><!--v-if--><div class="vector-icon-size--large"><svg xmlns="http://www.w3.org/2000/svg" class="vector-icon-color--dark-grey" aria-label="Shopping List Icon Add" viewBox="0 0 32 32" role="presentation" aria-hidden="true" focusable="false"><title lang="en">Shopping List Icon Add</title><desc></desc><g fill="" stroke=""><g><path d="M21.94066,15.3368884 L21.94066,12.8931995 C21.94066,12.3409148 22.3883752,11.8931995 22.94066,11.8931995 C23.4929447,11.8931995 23.94066,12.3409148 23.94066,12.8931995 L23.94066,15.3368884 L26.2522624,15.3368884 C26.8045471,15.3368884 27.2522624,15.7846037 27.2522624,16.3368884 C27.2522624,16.8891732 26.8045471,17.3368884 26.2522624,17.3368884 L23.94066,17.3368884 L23.94066,19.8787952 C23.94066,20.43108 23.4929447,20.8787952 22.94066,20.8787952 C22.3883752,20.8787952 21.94066,20.43108 21.94066,19.8787952 L21.94066,17.3368884 L19.2666667,17.3368884 C18.7143819,17.3368884 18.2666667,16.8891732 18.2666667,16.3368884 C18.2666667,15.7846037 18.7143819,15.3368884 19.2666667,15.3368884 L21.94066,15.3368884 Z M8,12 C7.44771525,12 7,11.5522847 7,11 C7,10.4477153 7.44771525,10 8,10 L19.1153581,10 C19.6676429,10 20.1153581,10.4477153 20.1153581,11 C20.1153581,11.5522847 19.6676429,12 19.1153581,12 L8,12 Z M8,17.3368884 C7.44771525,17.3368884 7,16.8891732 7,16.3368884 C7,15.7846037 7.44771525,15.3368884 8,15.3368884 L14.7200696,15.3368884 C15.2723543,15.3368884 15.7200696,15.7846037 15.7200696,16.3368884 C15.7200696,16.8891732 15.2723543,17.3368884 14.7200696,17.3368884 L8,17.3368884 Z M8,23 C7.44771525,23 7,22.5522847 7,22 C7,21.4477153 7.44771525,21 8,21 L19.1153581,21 C19.6676429,21 20.1153581,21.4477153 20.1153581,22 C20.1153581,22.5522847 19.6676429,23 19.1153581,23 L8,23 Z" fill="#000000" fill-rule="nonzero"></path></g></g></svg></div><div class="pdl-product-detail_list-tooltip"><p class="no-wrap">Sign in to add to shopping list</p><em></em></div></button></div></div></div><!--v-if--></li><!-- eslint-disable vuejs-accessibility/mouse-events-have-key-events --><li tabindex="-1" data-product-id="6335" class="tile product-cell product-grid-cell mb-0"><!--v-if--><!--v-if--><!--v-if--><div class="product-tile_content"><!--v-if--><a href="https://stopandshop.com/product/oscar-mayer-classic-uncured-beef-franks-10-ct-15-oz-pkg/6335" aria-hidden="true" tabindex="-1"><div><!--v-if--><img src="data:image/svg+xml;base64,PD94bWwgdmVyc2lvbj0iMS4wIiBlbmNvZGluZz0idXRmLTgiPz4KPCEtLSBHZW5lcmF0ZWQgYnkgSWNvTW9vbi5pbyAtLT4KPCFET0NUWVBFIHN2ZyBQVUJMSUMgIi0vL1czQy8vRFREIFNWRyAxLjEvL0VOIiAiaHR0cDovL3d3dy53My5vcmcvR3JhcGhpY3MvU1ZHLzEuMS9EVEQvc3ZnMTEuZHRkIj4KPHN2ZyB2ZXJzaW9uPSIxLjEiIHhtbG5zPSJodHRwOi8vd3d3LnczLm9yZy8yMDAwL3N2ZyIgeG1sbnM6eGxpbms9Imh0dHA6Ly93d3cudzMub3JnLzE5OTkveGxpbmsiIHdpZHRoPSI0OCIgaGVpZ2h0PSI0OCIgdmlld0JveD0iMCAwIDQ4IDQ4Ij4KPGcgaWQ9Imljb21vb24taWdub3JlIj4KCTxsaW5lIHN0cm9rZS13aWR0aD0iMSIgeDE9IiIgeTE9IiIgeDI9IiIgeTI9IiIgc3Ryb2tlPSIjNDQ5RkRCIiBvcGFjaXR5PSIiPjwvbGluZT4KPC9nPgoJPHBhdGggZD0iTTM4LjQ4IDkuMDcwYzAuMjQ4IDAgMC40NSAwLjIwMiAwLjQ1IDAuNDV2MjguOTU5YzAgMC4yNDgtMC4yMDIgMC40NS0wLjQ1IDAuNDVoLTI4Ljk1OWMtMC4yNDggMC0wLjQ1LTAuMjAyLTAuNDUtMC40NXYtMjguOTU5YzAtMC4yNDggMC4yMDItMC40NSAwLjQ1LTAuNDVoMjguOTU5ek0zOC40OCA4aC0yOC45NTljLTAuODQgMC0xLjUyIDAuNjgxLTEuNTIgMS41MjF2MjguOTU5YzAgMC44NCAwLjY4MSAxLjUyMSAxLjUyIDEuNTIxaDI4Ljk1OWMwLjg0IDAgMS41Mi0wLjY4MSAxLjUyLTEuNTIxdi0yOC45NTljMC0wLjg0LTAuNjgxLTEuNTIxLTEuNTItMS41MjF2MHoiIG9wYWNpdHk9IjEiIHZpc2liaWxpdHk9ImZhbHNlIiBmaWxsPSIjZDdkN2Q3Ij48L3BhdGg+Cgk8cGF0aCBkPSJNMTIuMjI4IDM1LjIyNHYtMy4zMjljMC0wLjE0NSAwLjA1OC0wLjI4NSAwLjE2LTAuMzg4bDUuNTg3LTUuNTg3YzAuMjE0LTAuMjE0IDAuNTYxLTAuMjE0IDAuNzc1IDBsMi4xMTkgMi4xMTljMC4yMTQgMC4yMTQgMC41NjEgMC4yMTQgMC43NzUgMGw4LjE5MS04LjE5MmMwLjIxNC0wLjIxNCAwLjU2MS0wLjIxNCAwLjc3NSAwbDUgNWMwLjEwMyAwLjEwMyAwLjE2IDAuMjQyIDAuMTYgMC4zODh2OS45ODhjMCAwLjMwMy0wLjI0NSAwLjU0OC0wLjU0OCAwLjU0OGgtMjIuNDQ3Yy0wLjMwMyAwLTAuNTQ4LTAuMjQ1LTAuNTQ4LTAuNTQ4eiIgb3BhY2l0eT0iMSIgdmlzaWJpbGl0eT0iZmFsc2UiIGZpbGw9IiNkN2Q3ZDciPjwvcGF0aD4KCTxwYXRoIGQ9Ik0yMS41NDQgMTcuOTY3YzAgMS45ODItMS42MDYgMy41ODgtMy41ODggMy41ODhzLTMuNTg4LTEuNjA2LTMuNTg4LTMuNTg4YzAtMS45ODEgMS42MDYtMy41ODggMy41ODgtMy41ODhzMy41ODggMS42MDYgMy41ODggMy41ODh6IiBvcGFjaXR5PSIxIiB2aXNpYmlsaXR5PSJmYWxzZSIgZmlsbD0iI2Q3ZDdkNyI+PC9wYXRoPgo8L3N2Zz4K" alt="Oscar Mayer Classic Uncured Beef Franks - 10 ct 15 OZ PKG" class="product-grid-image object-contain product-grid-cell_main-image" skeleton-box-size="14rem"></div></a><div class="product-grid-cell_price-tag product-grid-cell_price-tag--full-tile"><div class="product-tile_detail"><div class="skeleton-loader_wrapper cursor-pointer"><!-- eslint-disable-next-line vuejs-accessibility/click-events-have-key-events --><div class="product-grid-cell_price-container"><span class="sr-only">Oscar Mayer Classic Uncured Beef Franks - 10 ct</span><span class="product-grid-cell_main-price"><!--v-if--> $6.79</span><!--v-if--></div><!--v-if--></div><!--v-if--></div><button class="product-tile_detail-title"><div class="skeleton-loader_wrapper"><div class="product-grid-cell_name"><a id="product-name-6335-17497327348136399" class="product-grid-cell_name-text product-grid-cell_name-text--small product-grid-cell_name-text--clamp-2" href="https://stopandshop.com/product/oscar-mayer-classic-uncured-beef-franks-10-ct-15-oz-pkg/6335" data-opens-modal="true" aria-haspopup="dialog"><!--v-if--> Oscar Mayer Classic Uncured Beef Franks - 10 ct</a></div><!--v-if--><!--v-if--></div><div class="skeleton-loader_wrapper"><!-- eslint-disable-next-line vuejs-accessibility/click-events-have-key-events --><div class="product-grid-cell_sizes"><span class="product-grid-cell_size">15 OZ PKG</span><span aria-hidden="true"> | </span><!--v-if--><span class="product-grid-cell_unit">$7.22 /LB</span></div><!--v-if--></div><!--v-if--></button><div class="product-grid-cell_promo-name"><!--v-if--><!--v-if--><!--v-if--><!--v-if--><!--v-if--></div><!--v-if--><!--v-if--><!--v-if--><!--v-if--><div class="margin-top--one"><!--v-if--><div class="pdl-add-to-cart" coupon-clipped="false"><div class="pdl-add-to-cart_button"><button class="button button--add-to-cart" aria-label="Add to cart" data-product-id="6335" data-price="6.79">Add to cart <!--v-if--></button><!--v-if--><!--v-if--><!-- Swap n Save --><!--v-if--></div><!--v-if--></div><!--v-if--><!--v-if--></div><!--v-if--></div></div><!-- MOBILE VIEW --><!--v-if--><!-- This is for xxsmall devices --><div class="mobile-product-list-cell_bottom m-4 hidden"><div class="mobile-product-list-cell_bottom_cart-ui-wrapper"><!--v-if--><div class="pdl-add-to-cart" coupon-clipped="false"><div class="pdl-add-to-cart_button"><button class="button button--add-to-cart" aria-label="Add to cart" data-product-id="6335" data-price="6.79">Add to cart <!--v-if--></button><!--v-if--><!--v-if--><!-- Swap n Save --><!--v-if--></div><!--v-if--></div><!--v-if--><!--v-if--></div><!--v-if--></div><div class="product-tile_action-items" is-typeahead="false"><!--v-if--><!--v-if--><div class="shopping-list-menu_container"><div class="relative-el"><button class="button pdl-product-detail_top-icon button--fourth pdl-product-detail_top-icon--borderless" aria-label="add to shopping list" page-view="browse aisles" title=""><!--v-if--><div class="vector-icon-size--large"><svg xmlns="http://www.w3.org/2000/svg" class="vector-icon-color--dark-grey" aria-label="Shopping List Icon Add" viewBox="0 0 32 32" role="presentation" aria-hidden="true" focusable="false"><title lang="en">Shopping List Icon Add</title><desc></desc><g fill="" stroke=""><g><path d="M21.94066,15.3368884 L21.94066,12.8931995 C21.94066,12.3409148 22.3883752,11.8931995 22.94066,11.8931995 C23.4929447,11.8931995 23.94066,12.3409148 23.94066,12.8931995 L23.94066,15.3368884 L26.2522624,15.3368884 C26.8045471,15.3368884 27.2522624,15.7846037 27.2522624,16.3368884 C27.2522624,16.8891732 26.8045471,17.3368884 26.2522624,17.3368884 L23.94066,17.3368884 L23.94066,19.8787952 C23.94066,20.43108 23.4929447,20.8787952 22.94066,20.8787952 C22.3883752,20.8787952 21.94066,20.43108 21.94066,19.8787952 L21.94066,17.3368884 L19.2666667,17.3368884 C18.7143819,17.3368884 18.2666667,16.8891732 18.2666667,16.3368884 C18.2666667,15.7846037 18.7143819,15.3368884 19.2666667,15.3368884 L21.94066,15.3368884 Z M8,12 C7.44771525,12 7,11.5522847 7,11 C7,10.4477153 7.44771525,10 8,10 L19.1153581,10 C19.6676429,10 20.1153581,10.4477153 20.1153581,11 C20.1153581,11.5522847 19.6676429,12 19.1153581,12 L8,12 Z M8,17.3368884 C7.44771525,17.3368884 7,16.8891732 7,16.3368884 C7,15.7846037 7.44771525,15.3368884 8,15.3368884 L14.7200696,15.3368884 C15.2723543,15.3368884 15.7200696,15.7846037 15.7200696,16.3368884 C15.7200696,16.8891732 15.2723543,17.3368884 14.7200696,17.3368884 L8,17.3368884 Z M8,23 C7.44771525,23 7,22.5522847 7,22 C7,21.4477153 7.44771525,21 8,21 L19.1153581,21 C19.6676429,21 20.1153581,21.4477153 20.1153581,22 C20.1153581,22.5522847 19.6676429,23 19.1153581,23 L8,23 Z" fill="#000000" fill-rule="nonzero"></path></g></g></svg></div><div class="pdl-product-detail_list-tooltip"><p class="no-wrap">Sign in to add to shopping list</p><em></em></div></button></div></div></div><!--v-if--></li><!--v-if--></ul><!--v-if--><!--v-if--><!--v-if--><!--v-if--></div><div tabindex="-1" class="pdl-carousel_item zone-block_carousel-item" style="height: auto; width: 697px;"><ul class="product-list product-list-triple pt-0 pdl-carousel_content" islastslide="false" itemcountpriorslide="[object Object]" index="7" style="height: auto;"><!-- eslint-disable vuejs-accessibility/mouse-events-have-key-events --><li tabindex="-1" data-product-id="158284" class="tile product-cell product-grid-cell mb-0"><!--v-if--><!--v-if--><!--v-if--><div class="product-tile_content"><!--v-if--><a href="https://stopandshop.com/product/oscar-mayer-natural-uncured-turkey-franks-8-ct-16-oz-pkg/158284" aria-hidden="true" tabindex="-1"><div><!--v-if--><img src="data:image/svg+xml;base64,PD94bWwgdmVyc2lvbj0iMS4wIiBlbmNvZGluZz0idXRmLTgiPz4KPCEtLSBHZW5lcmF0ZWQgYnkgSWNvTW9vbi5pbyAtLT4KPCFET0NUWVBFIHN2ZyBQVUJMSUMgIi0vL1czQy8vRFREIFNWRyAxLjEvL0VOIiAiaHR0cDovL3d3dy53My5vcmcvR3JhcGhpY3MvU1ZHLzEuMS9EVEQvc3ZnMTEuZHRkIj4KPHN2ZyB2ZXJzaW9uPSIxLjEiIHhtbG5zPSJodHRwOi8vd3d3LnczLm9yZy8yMDAwL3N2ZyIgeG1sbnM6eGxpbms9Imh0dHA6Ly93d3cudzMub3JnLzE5OTkveGxpbmsiIHdpZHRoPSI0OCIgaGVpZ2h0PSI0OCIgdmlld0JveD0iMCAwIDQ4IDQ4Ij4KPGcgaWQ9Imljb21vb24taWdub3JlIj4KCTxsaW5lIHN0cm9rZS13aWR0aD0iMSIgeDE9IiIgeTE9IiIgeDI9IiIgeTI9IiIgc3Ryb2tlPSIjNDQ5RkRCIiBvcGFjaXR5PSIiPjwvbGluZT4KPC9nPgoJPHBhdGggZD0iTTM4LjQ4IDkuMDcwYzAuMjQ4IDAgMC40NSAwLjIwMiAwLjQ1IDAuNDV2MjguOTU5YzAgMC4yNDgtMC4yMDIgMC40NS0wLjQ1IDAuNDVoLTI4Ljk1OWMtMC4yNDggMC0wLjQ1LTAuMjAyLTAuNDUtMC40NXYtMjguOTU5YzAtMC4yNDggMC4yMDItMC40NSAwLjQ1LTAuNDVoMjguOTU5ek0zOC40OCA4aC0yOC45NTljLTAuODQgMC0xLjUyIDAuNjgxLTEuNTIgMS41MjF2MjguOTU5YzAgMC44NCAwLjY4MSAxLjUyMSAxLjUyIDEuNTIxaDI4Ljk1OWMwLjg0IDAgMS41Mi0wLjY4MSAxLjUyLTEuNTIxdi0yOC45NTljMC0wLjg0LTAuNjgxLTEuNTIxLTEuNTItMS41MjF2MHoiIG9wYWNpdHk9IjEiIHZpc2liaWxpdHk9ImZhbHNlIiBmaWxsPSIjZDdkN2Q3Ij48L3BhdGg+Cgk8cGF0aCBkPSJNMTIuMjI4IDM1LjIyNHYtMy4zMjljMC0wLjE0NSAwLjA1OC0wLjI4NSAwLjE2LTAuMzg4bDUuNTg3LTUuNTg3YzAuMjE0LTAuMjE0IDAuNTYxLTAuMjE0IDAuNzc1IDBsMi4xMTkgMi4xMTljMC4yMTQgMC4yMTQgMC41NjEgMC4yMTQgMC43NzUgMGw4LjE5MS04LjE5MmMwLjIxNC0wLjIxNCAwLjU2MS0wLjIxNCAwLjc3NSAwbDUgNWMwLjEwMyAwLjEwMyAwLjE2IDAuMjQyIDAuMTYgMC4zODh2OS45ODhjMCAwLjMwMy0wLjI0NSAwLjU0OC0wLjU0OCAwLjU0OGgtMjIuNDQ3Yy0wLjMwMyAwLTAuNTQ4LTAuMjQ1LTAuNTQ4LTAuNTQ4eiIgb3BhY2l0eT0iMSIgdmlzaWJpbGl0eT0iZmFsc2UiIGZpbGw9IiNkN2Q3ZDciPjwvcGF0aD4KCTxwYXRoIGQ9Ik0yMS41NDQgMTcuOTY3YzAgMS45ODItMS42MDYgMy41ODgtMy41ODggMy41ODhzLTMuNTg4LTEuNjA2LTMuNTg4LTMuNTg4YzAtMS45ODEgMS42MDYtMy41ODggMy41ODgtMy41ODhzMy41ODggMS42MDYgMy41ODggMy41ODh6IiBvcGFjaXR5PSIxIiB2aXNpYmlsaXR5PSJmYWxzZSIgZmlsbD0iI2Q3ZDdkNyI+PC9wYXRoPgo8L3N2Zz4K" alt="Oscar Mayer Natural Uncured Turkey Franks - 8 ct 16 OZ PKG" class="product-grid-image object-contain product-grid-cell_main-image" skeleton-box-size="14rem"></div></a><div class="product-grid-cell_price-tag product-grid-cell_price-tag--full-tile"><div class="product-tile_detail"><div class="skeleton-loader_wrapper cursor-pointer"><!-- eslint-disable-next-line vuejs-accessibility/click-events-have-key-events --><div class="product-grid-cell_price-container"><span class="sr-only">Oscar Mayer Natural Uncured Turkey Franks - 8 ct</span><span class="product-grid-cell_main-price"><!--v-if--> $7.29</span><!--v-if--></div><!--v-if--></div><!--v-if--></div><button class="product-tile_detail-title"><div class="skeleton-loader_wrapper"><div class="product-grid-cell_name"><a id="product-name-158284-17497327348156613" class="product-grid-cell_name-text product-grid-cell_name-text--small product-grid-cell_name-text--clamp-2" href="https://stopandshop.com/product/oscar-mayer-natural-uncured-turkey-franks-8-ct-16-oz-pkg/158284" data-opens-modal="true" aria-haspopup="dialog"><!--v-if--> Oscar Mayer Natural Uncured Turkey Franks - 8 ct</a></div><!--v-if--><!--v-if--></div><div class="skeleton-loader_wrapper"><!-- eslint-disable-next-line vuejs-accessibility/click-events-have-key-events --><div class="product-grid-cell_sizes"><span class="product-grid-cell_size">16 OZ PKG</span><span aria-hidden="true"> | </span><!--v-if--><span class="product-grid-cell_unit">$7.29 /LB</span></div><!--v-if--></div><!--v-if--></button><div class="product-grid-cell_promo-name"><!--v-if--><!--v-if--><!--v-if--><!--v-if--><!--v-if--></div><!--v-if--><!--v-if--><!--v-if--><!--v-if--><div class="margin-top--one"><!--v-if--><div class="pdl-add-to-cart" coupon-clipped="false"><div class="pdl-add-to-cart_button"><button class="button button--add-to-cart" aria-label="Add to cart" data-product-id="158284" data-price="7.29">Add to cart <!--v-if--></button><!--v-if--><!--v-if--><!-- Swap n Save --><!--v-if--></div><!--v-if--></div><!--v-if--><!--v-if--></div><!--v-if--></div></div><!-- MOBILE VIEW --><!--v-if--><!-- This is for xxsmall devices --><div class="mobile-product-list-cell_bottom m-4 hidden"><div class="mobile-product-list-cell_bottom_cart-ui-wrapper"><!--v-if--><div class="pdl-add-to-cart" coupon-clipped="false"><div class="pdl-add-to-cart_button"><button class="button button--add-to-cart" aria-label="Add to cart" data-product-id="158284" data-price="7.29">Add to cart <!--v-if--></button><!--v-if--><!--v-if--><!-- Swap n Save --><!--v-if--></div><!--v-if--></div><!--v-if--><!--v-if--></div><!--v-if--></div><div class="product-tile_action-items" is-typeahead="false"><!--v-if--><!--v-if--><div class="shopping-list-menu_container"><div class="relative-el"><button class="button pdl-product-detail_top-icon button--fourth pdl-product-detail_top-icon--borderless" aria-label="add to shopping list" page-view="browse aisles" title=""><!--v-if--><div class="vector-icon-size--large"><svg xmlns="http://www.w3.org/2000/svg" class="vector-icon-color--dark-grey" aria-label="Shopping List Icon Add" viewBox="0 0 32 32" role="presentation" aria-hidden="true" focusable="false"><title lang="en">Shopping List Icon Add</title><desc></desc><g fill="" stroke=""><g><path d="M21.94066,15.3368884 L21.94066,12.8931995 C21.94066,12.3409148 22.3883752,11.8931995 22.94066,11.8931995 C23.4929447,11.8931995 23.94066,12.3409148 23.94066,12.8931995 L23.94066,15.3368884 L26.2522624,15.3368884 C26.8045471,15.3368884 27.2522624,15.7846037 27.2522624,16.3368884 C27.2522624,16.8891732 26.8045471,17.3368884 26.2522624,17.3368884 L23.94066,17.3368884 L23.94066,19.8787952 C23.94066,20.43108 23.4929447,20.8787952 22.94066,20.8787952 C22.3883752,20.8787952 21.94066,20.43108 21.94066,19.8787952 L21.94066,17.3368884 L19.2666667,17.3368884 C18.7143819,17.3368884 18.2666667,16.8891732 18.2666667,16.3368884 C18.2666667,15.7846037 18.7143819,15.3368884 19.2666667,15.3368884 L21.94066,15.3368884 Z M8,12 C7.44771525,12 7,11.5522847 7,11 C7,10.4477153 7.44771525,10 8,10 L19.1153581,10 C19.6676429,10 20.1153581,10.4477153 20.1153581,11 C20.1153581,11.5522847 19.6676429,12 19.1153581,12 L8,12 Z M8,17.3368884 C7.44771525,17.3368884 7,16.8891732 7,16.3368884 C7,15.7846037 7.44771525,15.3368884 8,15.3368884 L14.7200696,15.3368884 C15.2723543,15.3368884 15.7200696,15.7846037 15.7200696,16.3368884 C15.7200696,16.8891732 15.2723543,17.3368884 14.7200696,17.3368884 L8,17.3368884 Z M8,23 C7.44771525,23 7,22.5522847 7,22 C7,21.4477153 7.44771525,21 8,21 L19.1153581,21 C19.6676429,21 20.1153581,21.4477153 20.1153581,22 C20.1153581,22.5522847 19.6676429,23 19.1153581,23 L8,23 Z" fill="#000000" fill-rule="nonzero"></path></g></g></svg></div><div class="pdl-product-detail_list-tooltip"><p class="no-wrap">Sign in to add to shopping list</p><em></em></div></button></div></div></div><!--v-if--></li><!-- eslint-disable vuejs-accessibility/mouse-events-have-key-events --><li tabindex="-1" data-product-id="199522" class="tile product-cell product-grid-cell mb-0"><!--v-if--><!--v-if--><!--v-if--><div class="product-tile_content"><div class="flag_outer-container"><div class=""><svg xmlns="http://www.w3.org/2000/svg" class="w-20 ml-3" aria-label="Sale" viewBox="0 0 32 32" role="presentation" aria-hidden="true" focusable="false"><title lang="en">Sale</title><desc></desc><g fill="" stroke=""><g><path d="M16.56 19.87a3.81 3.81 0 0 1-1-.13l-13.39-3.5a1.5 1.5 0 0 1-1.12-1.34l-.81-11a1.52 1.52 0 0 1 1.39-1.61l27.69-2h.11a1.51 1.51 0 0 1 1.5 1.4l.82 11a1.52 1.52 0 0 1-.91 1.5l-12.72 5.36a3.79 3.79 0 0 1-1.56.32Z" fill="#ed1256"></path><path fill="#fff" d="M29.43.48a1.26 1.26 0 0 1 1.26 1.17l.82 11a1.27 1.27 0 0 1-.76 1.26L18 19.34a3.72 3.72 0 0 1-1.47.3 3.79 3.79 0 0 1-.94-.12L2.24 16a1.27 1.27 0 0 1-1-1.13l-.81-11a1.26 1.26 0 0 1 1.22-1.33L29.34.48h.09m0-.48h-.13L1.62 2A1.76 1.76 0 0 0 0 3.92l.82 11a1.73 1.73 0 0 0 1.3 1.55L15.5 20a4.3 4.3 0 0 0 1.07.14 4.24 4.24 0 0 0 1.65-.34l12.72-5.44A1.76 1.76 0 0 0 32 12.59l-.82-11A1.76 1.76 0 0 0 29.43 0Z"></path><path fill="#fff" d="M3.74 9.87a3 3 0 0 0 .82.55 2.21 2.21 0 0 0 1.08.19 1.6 1.6 0 0 0 .29 0 1 1 0 0 0 .26-.12.58.58 0 0 0 .18-.2.62.62 0 0 0 0-.31.59.59 0 0 0-.32-.49 3.38 3.38 0 0 0-.85-.34L4.84 9a4.19 4.19 0 0 1-.69-.26 2.44 2.44 0 0 1-.63-.41 1.92 1.92 0 0 1-.7-1.42 2.68 2.68 0 0 1 .1-1A2.2 2.2 0 0 1 3.39 5a2.42 2.42 0 0 1 .82-.6 3.15 3.15 0 0 1 1.17-.28 3.68 3.68 0 0 1 1.72.24 3 3 0 0 1 .57.29A2.66 2.66 0 0 1 8 5l-.82 1.37a4.42 4.42 0 0 0-.82-.45 2 2 0 0 0-.85-.13 1.4 1.4 0 0 0-.28.06A.9.9 0 0 0 5 6a.62.62 0 0 0-.16.2.5.5 0 0 0 0 .28.6.6 0 0 0 .1.31.68.68 0 0 0 .24.2 1.27 1.27 0 0 0 .35.15l.43.13.35.09a7.49 7.49 0 0 1 .69.22 2.2 2.2 0 0 1 .72.42 2.46 2.46 0 0 1 .54.68 2.31 2.31 0 0 1 .27 1 2.15 2.15 0 0 1-.15 1 2.53 2.53 0 0 1-.56.84 2.77 2.77 0 0 1-.88.59 4 4 0 0 1-1.11.27A4.67 4.67 0 0 1 4 12.25a3.79 3.79 0 0 1-1.28-.75ZM11.29 3.89l2.17-.16 3.1 7.7-2 .15L14 10l-2.39.18-.35 1.67-2 .14Zm2.15 4.6-1-2.84-.61 2.95ZM17 3.47l1.89-.14.44 6 3.3-.25.16 1.92-5.19.39ZM23.36 3l5.13-.38.13 1.8-3.24.24.09 1.22 2.66-.2.12 1.7-2.65.2.09 1.35 3.46-.26.13 1.81-5.34.4Z"></path></g></g></svg></div><!--v-if--><!--v-if--><!--v-if--><!--v-if--></div><a href="https://stopandshop.com/product/philly-gourmet-1-4-lb-100-beef-patties-8-ct-frozen-2-lb-box/199522" aria-hidden="true" tabindex="-1"><div><!--v-if--><img src="data:image/svg+xml;base64,PD94bWwgdmVyc2lvbj0iMS4wIiBlbmNvZGluZz0idXRmLTgiPz4KPCEtLSBHZW5lcmF0ZWQgYnkgSWNvTW9vbi5pbyAtLT4KPCFET0NUWVBFIHN2ZyBQVUJMSUMgIi0vL1czQy8vRFREIFNWRyAxLjEvL0VOIiAiaHR0cDovL3d3dy53My5vcmcvR3JhcGhpY3MvU1ZHLzEuMS9EVEQvc3ZnMTEuZHRkIj4KPHN2ZyB2ZXJzaW9uPSIxLjEiIHhtbG5zPSJodHRwOi8vd3d3LnczLm9yZy8yMDAwL3N2ZyIgeG1sbnM6eGxpbms9Imh0dHA6Ly93d3cudzMub3JnLzE5OTkveGxpbmsiIHdpZHRoPSI0OCIgaGVpZ2h0PSI0OCIgdmlld0JveD0iMCAwIDQ4IDQ4Ij4KPGcgaWQ9Imljb21vb24taWdub3JlIj4KCTxsaW5lIHN0cm9rZS13aWR0aD0iMSIgeDE9IiIgeTE9IiIgeDI9IiIgeTI9IiIgc3Ryb2tlPSIjNDQ5RkRCIiBvcGFjaXR5PSIiPjwvbGluZT4KPC9nPgoJPHBhdGggZD0iTTM4LjQ4IDkuMDcwYzAuMjQ4IDAgMC40NSAwLjIwMiAwLjQ1IDAuNDV2MjguOTU5YzAgMC4yNDgtMC4yMDIgMC40NS0wLjQ1IDAuNDVoLTI4Ljk1OWMtMC4yNDggMC0wLjQ1LTAuMjAyLTAuNDUtMC40NXYtMjguOTU5YzAtMC4yNDggMC4yMDItMC40NSAwLjQ1LTAuNDVoMjguOTU5ek0zOC40OCA4aC0yOC45NTljLTAuODQgMC0xLjUyIDAuNjgxLTEuNTIgMS41MjF2MjguOTU5YzAgMC44NCAwLjY4MSAxLjUyMSAxLjUyIDEuNTIxaDI4Ljk1OWMwLjg0IDAgMS41Mi0wLjY4MSAxLjUyLTEuNTIxdi0yOC45NTljMC0wLjg0LTAuNjgxLTEuNTIxLTEuNTItMS41MjF2MHoiIG9wYWNpdHk9IjEiIHZpc2liaWxpdHk9ImZhbHNlIiBmaWxsPSIjZDdkN2Q3Ij48L3BhdGg+Cgk8cGF0aCBkPSJNMTIuMjI4IDM1LjIyNHYtMy4zMjljMC0wLjE0NSAwLjA1OC0wLjI4NSAwLjE2LTAuMzg4bDUuNTg3LTUuNTg3YzAuMjE0LTAuMjE0IDAuNTYxLTAuMjE0IDAuNzc1IDBsMi4xMTkgMi4xMTljMC4yMTQgMC4yMTQgMC41NjEgMC4yMTQgMC43NzUgMGw4LjE5MS04LjE5MmMwLjIxNC0wLjIxNCAwLjU2MS0wLjIxNCAwLjc3NSAwbDUgNWMwLjEwMyAwLjEwMyAwLjE2IDAuMjQyIDAuMTYgMC4zODh2OS45ODhjMCAwLjMwMy0wLjI0NSAwLjU0OC0wLjU0OCAwLjU0OGgtMjIuNDQ3Yy0wLjMwMyAwLTAuNTQ4LTAuMjQ1LTAuNTQ4LTAuNTQ4eiIgb3BhY2l0eT0iMSIgdmlzaWJpbGl0eT0iZmFsc2UiIGZpbGw9IiNkN2Q3ZDciPjwvcGF0aD4KCTxwYXRoIGQ9Ik0yMS41NDQgMTcuOTY3YzAgMS45ODItMS42MDYgMy41ODgtMy41ODggMy41ODhzLTMuNTg4LTEuNjA2LTMuNTg4LTMuNTg4YzAtMS45ODEgMS42MDYtMy41ODggMy41ODgtMy41ODhzMy41ODggMS42MDYgMy41ODggMy41ODh6IiBvcGFjaXR5PSIxIiB2aXNpYmlsaXR5PSJmYWxzZSIgZmlsbD0iI2Q3ZDdkNyI+PC9wYXRoPgo8L3N2Zz4K" alt="Philly Gourmet 1/4 lb 100% Beef Patties - 8 ct Frozen 2 LB BOX" class="product-grid-image object-contain product-grid-cell_main-image" skeleton-box-size="14rem"></div></a><div class="product-grid-cell_price-tag product-grid-cell_price-tag--full-tile"><div class="product-tile_detail"><div class="skeleton-loader_wrapper cursor-pointer"><!-- eslint-disable-next-line vuejs-accessibility/click-events-have-key-events --><div class="product-grid-cell_price-container product-grid-cell_price-container_column"><span class="sr-only">Philly Gourmet 1/4 lb 100% Beef Patties - 8 ct Frozen</span><span class="product-grid-cell_main-price product-grid-cell_main-price--on-sale"><span class="sr-only"> Sale Price </span> $9.99</span><div class="product-grid-cell_was-container"><span class="product-grid-cell_regular-price mb-1 product-grid-cell_regular-price--small"><span class="sr-only"> Original Price </span> $11.79</span></div></div><!--v-if--></div><!--v-if--></div><button class="product-tile_detail-title"><div class="skeleton-loader_wrapper"><div class="product-grid-cell_name"><a id="product-name-199522-17497327348163511" class="product-grid-cell_name-text product-grid-cell_name-text--small product-grid-cell_name-text--clamp-2" href="https://stopandshop.com/product/philly-gourmet-1-4-lb-100-beef-patties-8-ct-frozen-2-lb-box/199522" data-opens-modal="true" aria-haspopup="dialog"><!--v-if--> Philly Gourmet 1/4 lb 100% Beef Patties - 8 ct Frozen</a></div><!--v-if--><!--v-if--></div><div class="skeleton-loader_wrapper"><!-- eslint-disable-next-line vuejs-accessibility/click-events-have-key-events --><div class="product-grid-cell_sizes"><span class="product-grid-cell_size">2 LB BOX</span><span aria-hidden="true"> | </span><!--v-if--><span class="product-grid-cell_unit">$5.00 /LB</span></div><!--v-if--></div><!--v-if--></button><div class="product-grid-cell_promo-name"><!--v-if--><!--v-if--><!--v-if--><!--v-if--><!--v-if--></div><!--v-if--><!--v-if--><!--v-if--><!--v-if--><div class="margin-top--one"><!--v-if--><div class="pdl-add-to-cart" coupon-clipped="false"><div class="pdl-add-to-cart_button"><button class="button button--add-to-cart add-sale" aria-label="Add to cart" data-product-id="199522" data-price="9.99">Add to cart <!--v-if--></button><!--v-if--><!--v-if--><!-- Swap n Save --><!--v-if--></div><!--v-if--></div><!--v-if--><!--v-if--></div><!--v-if--></div></div><!-- MOBILE VIEW --><!--v-if--><!-- This is for xxsmall devices --><div class="mobile-product-list-cell_bottom m-4 hidden"><div class="mobile-product-list-cell_bottom_cart-ui-wrapper"><!--v-if--><div class="pdl-add-to-cart" coupon-clipped="false"><div class="pdl-add-to-cart_button"><button class="button button--add-to-cart add-sale" aria-label="Add to cart" data-product-id="199522" data-price="9.99">Add to cart <!--v-if--></button><!--v-if--><!--v-if--><!-- Swap n Save --><!--v-if--></div><!--v-if--></div><!--v-if--><!--v-if--></div><!--v-if--></div><div class="product-tile_action-items" is-typeahead="false"><!--v-if--><!--v-if--><div class="shopping-list-menu_container"><div class="relative-el"><button class="button pdl-product-detail_top-icon button--fourth pdl-product-detail_top-icon--borderless" aria-label="add to shopping list" page-view="browse aisles" title=""><!--v-if--><div class="vector-icon-size--large"><svg xmlns="http://www.w3.org/2000/svg" class="vector-icon-color--dark-grey" aria-label="Shopping List Icon Add" viewBox="0 0 32 32" role="presentation" aria-hidden="true" focusable="false"><title lang="en">Shopping List Icon Add</title><desc></desc><g fill="" stroke=""><g><path d="M21.94066,15.3368884 L21.94066,12.8931995 C21.94066,12.3409148 22.3883752,11.8931995 22.94066,11.8931995 C23.4929447,11.8931995 23.94066,12.3409148 23.94066,12.8931995 L23.94066,15.3368884 L26.2522624,15.3368884 C26.8045471,15.3368884 27.2522624,15.7846037 27.2522624,16.3368884 C27.2522624,16.8891732 26.8045471,17.3368884 26.2522624,17.3368884 L23.94066,17.3368884 L23.94066,19.8787952 C23.94066,20.43108 23.4929447,20.8787952 22.94066,20.8787952 C22.3883752,20.8787952 21.94066,20.43108 21.94066,19.8787952 L21.94066,17.3368884 L19.2666667,17.3368884 C18.7143819,17.3368884 18.2666667,16.8891732 18.2666667,16.3368884 C18.2666667,15.7846037 18.7143819,15.3368884 19.2666667,15.3368884 L21.94066,15.3368884 Z M8,12 C7.44771525,12 7,11.5522847 7,11 C7,10.4477153 7.44771525,10 8,10 L19.1153581,10 C19.6676429,10 20.1153581,10.4477153 20.1153581,11 C20.1153581,11.5522847 19.6676429,12 19.1153581,12 L8,12 Z M8,17.3368884 C7.44771525,17.3368884 7,16.8891732 7,16.3368884 C7,15.7846037 7.44771525,15.3368884 8,15.3368884 L14.7200696,15.3368884 C15.2723543,15.3368884 15.7200696,15.7846037 15.7200696,16.3368884 C15.7200696,16.8891732 15.2723543,17.3368884 14.7200696,17.3368884 L8,17.3368884 Z M8,23 C7.44771525,23 7,22.5522847 7,22 C7,21.4477153 7.44771525,21 8,21 L19.1153581,21 C19.6676429,21 20.1153581,21.4477153 20.1153581,22 C20.1153581,22.5522847 19.6676429,23 19.1153581,23 L8,23 Z" fill="#000000" fill-rule="nonzero"></path></g></g></svg></div><div class="pdl-product-detail_list-tooltip"><p class="no-wrap">Sign in to add to shopping list</p><em></em></div></button></div></div></div><!--v-if--></li><!-- eslint-disable vuejs-accessibility/mouse-events-have-key-events --><li tabindex="-1" data-product-id="141964" class="tile product-cell product-grid-cell mb-0"><!--v-if--><!--v-if--><!--v-if--><div class="product-tile_content"><!--v-if--><a href="https://stopandshop.com/product/applegate-the-great-organic-grass-fed-uncured-beef-hot-dogs-6-ct-10-oz-pkg/141964" aria-hidden="true" tabindex="-1"><div><!--v-if--><img src="data:image/svg+xml;base64,PD94bWwgdmVyc2lvbj0iMS4wIiBlbmNvZGluZz0idXRmLTgiPz4KPCEtLSBHZW5lcmF0ZWQgYnkgSWNvTW9vbi5pbyAtLT4KPCFET0NUWVBFIHN2ZyBQVUJMSUMgIi0vL1czQy8vRFREIFNWRyAxLjEvL0VOIiAiaHR0cDovL3d3dy53My5vcmcvR3JhcGhpY3MvU1ZHLzEuMS9EVEQvc3ZnMTEuZHRkIj4KPHN2ZyB2ZXJzaW9uPSIxLjEiIHhtbG5zPSJodHRwOi8vd3d3LnczLm9yZy8yMDAwL3N2ZyIgeG1sbnM6eGxpbms9Imh0dHA6Ly93d3cudzMub3JnLzE5OTkveGxpbmsiIHdpZHRoPSI0OCIgaGVpZ2h0PSI0OCIgdmlld0JveD0iMCAwIDQ4IDQ4Ij4KPGcgaWQ9Imljb21vb24taWdub3JlIj4KCTxsaW5lIHN0cm9rZS13aWR0aD0iMSIgeDE9IiIgeTE9IiIgeDI9IiIgeTI9IiIgc3Ryb2tlPSIjNDQ5RkRCIiBvcGFjaXR5PSIiPjwvbGluZT4KPC9nPgoJPHBhdGggZD0iTTM4LjQ4IDkuMDcwYzAuMjQ4IDAgMC40NSAwLjIwMiAwLjQ1IDAuNDV2MjguOTU5YzAgMC4yNDgtMC4yMDIgMC40NS0wLjQ1IDAuNDVoLTI4Ljk1OWMtMC4yNDggMC0wLjQ1LTAuMjAyLTAuNDUtMC40NXYtMjguOTU5YzAtMC4yNDggMC4yMDItMC40NSAwLjQ1LTAuNDVoMjguOTU5ek0zOC40OCA4aC0yOC45NTljLTAuODQgMC0xLjUyIDAuNjgxLTEuNTIgMS41MjF2MjguOTU5YzAgMC44NCAwLjY4MSAxLjUyMSAxLjUyIDEuNTIxaDI4Ljk1OWMwLjg0IDAgMS41Mi0wLjY4MSAxLjUyLTEuNTIxdi0yOC45NTljMC0wLjg0LTAuNjgxLTEuNTIxLTEuNTItMS41MjF2MHoiIG9wYWNpdHk9IjEiIHZpc2liaWxpdHk9ImZhbHNlIiBmaWxsPSIjZDdkN2Q3Ij48L3BhdGg+Cgk8cGF0aCBkPSJNMTIuMjI4IDM1LjIyNHYtMy4zMjljMC0wLjE0NSAwLjA1OC0wLjI4NSAwLjE2LTAuMzg4bDUuNTg3LTUuNTg3YzAuMjE0LTAuMjE0IDAuNTYxLTAuMjE0IDAuNzc1IDBsMi4xMTkgMi4xMTljMC4yMTQgMC4yMTQgMC41NjEgMC4yMTQgMC43NzUgMGw4LjE5MS04LjE5MmMwLjIxNC0wLjIxNCAwLjU2MS0wLjIxNCAwLjc3NSAwbDUgNWMwLjEwMyAwLjEwMyAwLjE2IDAuMjQyIDAuMTYgMC4zODh2OS45ODhjMCAwLjMwMy0wLjI0NSAwLjU0OC0wLjU0OCAwLjU0OGgtMjIuNDQ3Yy0wLjMwMyAwLTAuNTQ4LTAuMjQ1LTAuNTQ4LTAuNTQ4eiIgb3BhY2l0eT0iMSIgdmlzaWJpbGl0eT0iZmFsc2UiIGZpbGw9IiNkN2Q3ZDciPjwvcGF0aD4KCTxwYXRoIGQ9Ik0yMS41NDQgMTcuOTY3YzAgMS45ODItMS42MDYgMy41ODgtMy41ODggMy41ODhzLTMuNTg4LTEuNjA2LTMuNTg4LTMuNTg4YzAtMS45ODEgMS42MDYtMy41ODggMy41ODgtMy41ODhzMy41ODggMS42MDYgMy41ODggMy41ODh6IiBvcGFjaXR5PSIxIiB2aXNpYmlsaXR5PSJmYWxzZSIgZmlsbD0iI2Q3ZDdkNyI+PC9wYXRoPgo8L3N2Zz4K" alt="Applegate The Great Organic Grass-fed Uncured Beef Hot Dogs - 6 ct 10 OZ PKG" class="product-grid-image object-contain product-grid-cell_main-image" skeleton-box-size="14rem"></div></a><div class="product-grid-cell_price-tag product-grid-cell_price-tag--full-tile"><div class="product-tile_detail"><div class="skeleton-loader_wrapper cursor-pointer"><!-- eslint-disable-next-line vuejs-accessibility/click-events-have-key-events --><div class="product-grid-cell_price-container"><span class="sr-only">Applegate The Great Organic Grass-fed Uncured Beef Hot Dogs - 6 ct</span><span class="product-grid-cell_main-price"><!--v-if--> $8.99</span><!--v-if--></div><!--v-if--></div><!--v-if--></div><button class="product-tile_detail-title"><div class="skeleton-loader_wrapper"><div class="product-grid-cell_name"><a id="product-name-141964-17497327348173539" class="product-grid-cell_name-text product-grid-cell_name-text--small product-grid-cell_name-text--clamp-2" href="https://stopandshop.com/product/applegate-the-great-organic-grass-fed-uncured-beef-hot-dogs-6-ct-10-oz-pkg/141964" data-opens-modal="true" aria-haspopup="dialog"><!--v-if--> Applegate The Great Organic Grass-fed Uncured Beef Hot Dogs - 6 ct</a></div><!--v-if--><!--v-if--></div><div class="skeleton-loader_wrapper"><!-- eslint-disable-next-line vuejs-accessibility/click-events-have-key-events --><div class="product-grid-cell_sizes"><span class="product-grid-cell_size">10 OZ PKG</span><span aria-hidden="true"> | </span><!--v-if--><span class="product-grid-cell_unit">$14.27 /LB</span></div><!--v-if--></div><!--v-if--></button><div class="product-grid-cell_promo-name"><!--v-if--><!--v-if--><!--v-if--><!--v-if--><!--v-if--></div><!--v-if--><!--v-if--><!--v-if--><!--v-if--><div class="margin-top--one"><!--v-if--><div class="pdl-add-to-cart" coupon-clipped="false"><div class="pdl-add-to-cart_button"><button class="button button--add-to-cart" aria-label="Add to cart" data-product-id="141964" data-price="8.99">Add to cart <!--v-if--></button><!--v-if--><!--v-if--><!-- Swap n Save --><!--v-if--></div><!--v-if--></div><!--v-if--><!--v-if--></div><!--v-if--></div></div><!-- MOBILE VIEW --><!--v-if--><!-- This is for xxsmall devices --><div class="mobile-product-list-cell_bottom m-4 hidden"><div class="mobile-product-list-cell_bottom_cart-ui-wrapper"><!--v-if--><div class="pdl-add-to-cart" coupon-clipped="false"><div class="pdl-add-to-cart_button"><button class="button button--add-to-cart" aria-label="Add to cart" data-product-id="141964" data-price="8.99">Add to cart <!--v-if--></button><!--v-if--><!--v-if--><!-- Swap n Save --><!--v-if--></div><!--v-if--></div><!--v-if--><!--v-if--></div><!--v-if--></div><div class="product-tile_action-items" is-typeahead="false"><!--v-if--><!--v-if--><div class="shopping-list-menu_container"><div class="relative-el"><button class="button pdl-product-detail_top-icon button--fourth pdl-product-detail_top-icon--borderless" aria-label="add to shopping list" page-view="browse aisles" title=""><!--v-if--><div class="vector-icon-size--large"><svg xmlns="http://www.w3.org/2000/svg" class="vector-icon-color--dark-grey" aria-label="Shopping List Icon Add" viewBox="0 0 32 32" role="presentation" aria-hidden="true" focusable="false"><title lang="en">Shopping List Icon Add</title><desc></desc><g fill="" stroke=""><g><path d="M21.94066,15.3368884 L21.94066,12.8931995 C21.94066,12.3409148 22.3883752,11.8931995 22.94066,11.8931995 C23.4929447,11.8931995 23.94066,12.3409148 23.94066,12.8931995 L23.94066,15.3368884 L26.2522624,15.3368884 C26.8045471,15.3368884 27.2522624,15.7846037 27.2522624,16.3368884 C27.2522624,16.8891732 26.8045471,17.3368884 26.2522624,17.3368884 L23.94066,17.3368884 L23.94066,19.8787952 C23.94066,20.43108 23.4929447,20.8787952 22.94066,20.8787952 C22.3883752,20.8787952 21.94066,20.43108 21.94066,19.8787952 L21.94066,17.3368884 L19.2666667,17.3368884 C18.7143819,17.3368884 18.2666667,16.8891732 18.2666667,16.3368884 C18.2666667,15.7846037 18.7143819,15.3368884 19.2666667,15.3368884 L21.94066,15.3368884 Z M8,12 C7.44771525,12 7,11.5522847 7,11 C7,10.4477153 7.44771525,10 8,10 L19.1153581,10 C19.6676429,10 20.1153581,10.4477153 20.1153581,11 C20.1153581,11.5522847 19.6676429,12 19.1153581,12 L8,12 Z M8,17.3368884 C7.44771525,17.3368884 7,16.8891732 7,16.3368884 C7,15.7846037 7.44771525,15.3368884 8,15.3368884 L14.7200696,15.3368884 C15.2723543,15.3368884 15.7200696,15.7846037 15.7200696,16.3368884 C15.7200696,16.8891732 15.2723543,17.3368884 14.7200696,17.3368884 L8,17.3368884 Z M8,23 C7.44771525,23 7,22.5522847 7,22 C7,21.4477153 7.44771525,21 8,21 L19.1153581,21 C19.6676429,21 20.1153581,21.4477153 20.1153581,22 C20.1153581,22.5522847 19.6676429,23 19.1153581,23 L8,23 Z" fill="#000000" fill-rule="nonzero"></path></g></g></svg></div><div class="pdl-product-detail_list-tooltip"><p class="no-wrap">Sign in to add to shopping list</p><em></em></div></button></div></div></div><!--v-if--></li><!--v-if--></ul><!--v-if--><!--v-if--><!--v-if--><!--v-if--></div><div tabindex="-1" class="pdl-carousel_item zone-block_carousel-item" style="height: auto; width: 697px;"><ul class="product-list product-list-triple pt-0 pdl-carousel_content" islastslide="false" itemcountpriorslide="[object Object]" index="8" style="height: auto;"><!-- eslint-disable vuejs-accessibility/mouse-events-have-key-events --><li tabindex="-1" data-product-id="223072" class="tile product-cell product-grid-cell mb-0"><!--v-if--><!--v-if--><!--v-if--><div class="product-tile_content"><!--v-if--><a href="https://stopandshop.com/product/schweid-sons-the-katana-blend-wagyu-ground-beef-burgers-4-ct-fresh-21.2-oz-pkg/223072" aria-hidden="true" tabindex="-1"><div><!--v-if--><img src="data:image/svg+xml;base64,PD94bWwgdmVyc2lvbj0iMS4wIiBlbmNvZGluZz0idXRmLTgiPz4KPCEtLSBHZW5lcmF0ZWQgYnkgSWNvTW9vbi5pbyAtLT4KPCFET0NUWVBFIHN2ZyBQVUJMSUMgIi0vL1czQy8vRFREIFNWRyAxLjEvL0VOIiAiaHR0cDovL3d3dy53My5vcmcvR3JhcGhpY3MvU1ZHLzEuMS9EVEQvc3ZnMTEuZHRkIj4KPHN2ZyB2ZXJzaW9uPSIxLjEiIHhtbG5zPSJodHRwOi8vd3d3LnczLm9yZy8yMDAwL3N2ZyIgeG1sbnM6eGxpbms9Imh0dHA6Ly93d3cudzMub3JnLzE5OTkveGxpbmsiIHdpZHRoPSI0OCIgaGVpZ2h0PSI0OCIgdmlld0JveD0iMCAwIDQ4IDQ4Ij4KPGcgaWQ9Imljb21vb24taWdub3JlIj4KCTxsaW5lIHN0cm9rZS13aWR0aD0iMSIgeDE9IiIgeTE9IiIgeDI9IiIgeTI9IiIgc3Ryb2tlPSIjNDQ5RkRCIiBvcGFjaXR5PSIiPjwvbGluZT4KPC9nPgoJPHBhdGggZD0iTTM4LjQ4IDkuMDcwYzAuMjQ4IDAgMC40NSAwLjIwMiAwLjQ1IDAuNDV2MjguOTU5YzAgMC4yNDgtMC4yMDIgMC40NS0wLjQ1IDAuNDVoLTI4Ljk1OWMtMC4yNDggMC0wLjQ1LTAuMjAyLTAuNDUtMC40NXYtMjguOTU5YzAtMC4yNDggMC4yMDItMC40NSAwLjQ1LTAuNDVoMjguOTU5ek0zOC40OCA4aC0yOC45NTljLTAuODQgMC0xLjUyIDAuNjgxLTEuNTIgMS41MjF2MjguOTU5YzAgMC44NCAwLjY4MSAxLjUyMSAxLjUyIDEuNTIxaDI4Ljk1OWMwLjg0IDAgMS41Mi0wLjY4MSAxLjUyLTEuNTIxdi0yOC45NTljMC0wLjg0LTAuNjgxLTEuNTIxLTEuNTItMS41MjF2MHoiIG9wYWNpdHk9IjEiIHZpc2liaWxpdHk9ImZhbHNlIiBmaWxsPSIjZDdkN2Q3Ij48L3BhdGg+Cgk8cGF0aCBkPSJNMTIuMjI4IDM1LjIyNHYtMy4zMjljMC0wLjE0NSAwLjA1OC0wLjI4NSAwLjE2LTAuMzg4bDUuNTg3LTUuNTg3YzAuMjE0LTAuMjE0IDAuNTYxLTAuMjE0IDAuNzc1IDBsMi4xMTkgMi4xMTljMC4yMTQgMC4yMTQgMC41NjEgMC4yMTQgMC43NzUgMGw4LjE5MS04LjE5MmMwLjIxNC0wLjIxNCAwLjU2MS0wLjIxNCAwLjc3NSAwbDUgNWMwLjEwMyAwLjEwMyAwLjE2IDAuMjQyIDAuMTYgMC4zODh2OS45ODhjMCAwLjMwMy0wLjI0NSAwLjU0OC0wLjU0OCAwLjU0OGgtMjIuNDQ3Yy0wLjMwMyAwLTAuNTQ4LTAuMjQ1LTAuNTQ4LTAuNTQ4eiIgb3BhY2l0eT0iMSIgdmlzaWJpbGl0eT0iZmFsc2UiIGZpbGw9IiNkN2Q3ZDciPjwvcGF0aD4KCTxwYXRoIGQ9Ik0yMS41NDQgMTcuOTY3YzAgMS45ODItMS42MDYgMy41ODgtMy41ODggMy41ODhzLTMuNTg4LTEuNjA2LTMuNTg4LTMuNTg4YzAtMS45ODEgMS42MDYtMy41ODggMy41ODgtMy41ODhzMy41ODggMS42MDYgMy41ODggMy41ODh6IiBvcGFjaXR5PSIxIiB2aXNpYmlsaXR5PSJmYWxzZSIgZmlsbD0iI2Q3ZDdkNyI+PC9wYXRoPgo8L3N2Zz4K" alt="Schweid &amp; Sons The Katana Blend Wagyu Ground Beef Burgers - 4 ct Fresh 21.2 OZ PKG" class="product-grid-image object-contain product-grid-cell_main-image" skeleton-box-size="14rem"></div></a><div class="product-grid-cell_price-tag product-grid-cell_price-tag--full-tile"><div class="product-tile_detail"><div class="skeleton-loader_wrapper cursor-pointer"><!-- eslint-disable-next-line vuejs-accessibility/click-events-have-key-events --><div class="product-grid-cell_price-container"><span class="sr-only">Schweid &amp; Sons The Katana Blend Wagyu Ground Beef Burgers - 4 ct Fresh</span><span class="product-grid-cell_main-price"><!--v-if--> $12.99</span><!--v-if--></div><!--v-if--></div><!--v-if--></div><button class="product-tile_detail-title"><div class="skeleton-loader_wrapper"><div class="product-grid-cell_name"><a id="product-name-223072-17497327348191902" class="product-grid-cell_name-text product-grid-cell_name-text--small product-grid-cell_name-text--clamp-2" href="https://stopandshop.com/product/schweid-sons-the-katana-blend-wagyu-ground-beef-burgers-4-ct-fresh-21.2-oz-pkg/223072" data-opens-modal="true" aria-haspopup="dialog"><!--v-if--> Schweid &amp; Sons The Katana Blend Wagyu Ground Beef Burgers - 4 ct Fresh</a></div><!--v-if--><!--v-if--></div><div class="skeleton-loader_wrapper"><!-- eslint-disable-next-line vuejs-accessibility/click-events-have-key-events --><div class="product-grid-cell_sizes"><span class="product-grid-cell_size">21.2 OZ PKG</span><span aria-hidden="true"> | </span><!--v-if--><span class="product-grid-cell_unit">$9.69 /LB</span></div><!--v-if--></div><!--v-if--></button><div class="product-grid-cell_promo-name"><!--v-if--><!--v-if--><!--v-if--><!--v-if--><!--v-if--></div><!--v-if--><!--v-if--><!--v-if--><!--v-if--><div class="margin-top--one"><!--v-if--><div class="pdl-add-to-cart" coupon-clipped="false"><div class="pdl-add-to-cart_button"><button class="button button--add-to-cart" aria-label="Add to cart" data-product-id="223072" data-price="12.99">Add to cart <!--v-if--></button><!--v-if--><!--v-if--><!-- Swap n Save --><!--v-if--></div><!--v-if--></div><!--v-if--><!--v-if--></div><!--v-if--></div></div><!-- MOBILE VIEW --><!--v-if--><!-- This is for xxsmall devices --><div class="mobile-product-list-cell_bottom m-4 hidden"><div class="mobile-product-list-cell_bottom_cart-ui-wrapper"><!--v-if--><div class="pdl-add-to-cart" coupon-clipped="false"><div class="pdl-add-to-cart_button"><button class="button button--add-to-cart" aria-label="Add to cart" data-product-id="223072" data-price="12.99">Add to cart <!--v-if--></button><!--v-if--><!--v-if--><!-- Swap n Save --><!--v-if--></div><!--v-if--></div><!--v-if--><!--v-if--></div><!--v-if--></div><div class="product-tile_action-items" is-typeahead="false"><!--v-if--><!--v-if--><div class="shopping-list-menu_container"><div class="relative-el"><button class="button pdl-product-detail_top-icon button--fourth pdl-product-detail_top-icon--borderless" aria-label="add to shopping list" page-view="browse aisles" title=""><!--v-if--><div class="vector-icon-size--large"><svg xmlns="http://www.w3.org/2000/svg" class="vector-icon-color--dark-grey" aria-label="Shopping List Icon Add" viewBox="0 0 32 32" role="presentation" aria-hidden="true" focusable="false"><title lang="en">Shopping List Icon Add</title><desc></desc><g fill="" stroke=""><g><path d="M21.94066,15.3368884 L21.94066,12.8931995 C21.94066,12.3409148 22.3883752,11.8931995 22.94066,11.8931995 C23.4929447,11.8931995 23.94066,12.3409148 23.94066,12.8931995 L23.94066,15.3368884 L26.2522624,15.3368884 C26.8045471,15.3368884 27.2522624,15.7846037 27.2522624,16.3368884 C27.2522624,16.8891732 26.8045471,17.3368884 26.2522624,17.3368884 L23.94066,17.3368884 L23.94066,19.8787952 C23.94066,20.43108 23.4929447,20.8787952 22.94066,20.8787952 C22.3883752,20.8787952 21.94066,20.43108 21.94066,19.8787952 L21.94066,17.3368884 L19.2666667,17.3368884 C18.7143819,17.3368884 18.2666667,16.8891732 18.2666667,16.3368884 C18.2666667,15.7846037 18.7143819,15.3368884 19.2666667,15.3368884 L21.94066,15.3368884 Z M8,12 C7.44771525,12 7,11.5522847 7,11 C7,10.4477153 7.44771525,10 8,10 L19.1153581,10 C19.6676429,10 20.1153581,10.4477153 20.1153581,11 C20.1153581,11.5522847 19.6676429,12 19.1153581,12 L8,12 Z M8,17.3368884 C7.44771525,17.3368884 7,16.8891732 7,16.3368884 C7,15.7846037 7.44771525,15.3368884 8,15.3368884 L14.7200696,15.3368884 C15.2723543,15.3368884 15.7200696,15.7846037 15.7200696,16.3368884 C15.7200696,16.8891732 15.2723543,17.3368884 14.7200696,17.3368884 L8,17.3368884 Z M8,23 C7.44771525,23 7,22.5522847 7,22 C7,21.4477153 7.44771525,21 8,21 L19.1153581,21 C19.6676429,21 20.1153581,21.4477153 20.1153581,22 C20.1153581,22.5522847 19.6676429,23 19.1153581,23 L8,23 Z" fill="#000000" fill-rule="nonzero"></path></g></g></svg></div><div class="pdl-product-detail_list-tooltip"><p class="no-wrap">Sign in to add to shopping list</p><em></em></div></button></div></div></div><!--v-if--></li><!-- eslint-disable vuejs-accessibility/mouse-events-have-key-events --><li tabindex="-1" data-product-id="311360" class="tile product-cell product-grid-cell mb-0"><!--v-if--><!--v-if--><!--v-if--><div class="product-tile_content"><div class="flag_outer-container"><div class=""><svg xmlns="http://www.w3.org/2000/svg" class="w-20 ml-3" aria-label="Sale" viewBox="0 0 32 32" role="presentation" aria-hidden="true" focusable="false"><title lang="en">Sale</title><desc></desc><g fill="" stroke=""><g><path d="M16.56 19.87a3.81 3.81 0 0 1-1-.13l-13.39-3.5a1.5 1.5 0 0 1-1.12-1.34l-.81-11a1.52 1.52 0 0 1 1.39-1.61l27.69-2h.11a1.51 1.51 0 0 1 1.5 1.4l.82 11a1.52 1.52 0 0 1-.91 1.5l-12.72 5.36a3.79 3.79 0 0 1-1.56.32Z" fill="#ed1256"></path><path fill="#fff" d="M29.43.48a1.26 1.26 0 0 1 1.26 1.17l.82 11a1.27 1.27 0 0 1-.76 1.26L18 19.34a3.72 3.72 0 0 1-1.47.3 3.79 3.79 0 0 1-.94-.12L2.24 16a1.27 1.27 0 0 1-1-1.13l-.81-11a1.26 1.26 0 0 1 1.22-1.33L29.34.48h.09m0-.48h-.13L1.62 2A1.76 1.76 0 0 0 0 3.92l.82 11a1.73 1.73 0 0 0 1.3 1.55L15.5 20a4.3 4.3 0 0 0 1.07.14 4.24 4.24 0 0 0 1.65-.34l12.72-5.44A1.76 1.76 0 0 0 32 12.59l-.82-11A1.76 1.76 0 0 0 29.43 0Z"></path><path fill="#fff" d="M3.74 9.87a3 3 0 0 0 .82.55 2.21 2.21 0 0 0 1.08.19 1.6 1.6 0 0 0 .29 0 1 1 0 0 0 .26-.12.58.58 0 0 0 .18-.2.62.62 0 0 0 0-.31.59.59 0 0 0-.32-.49 3.38 3.38 0 0 0-.85-.34L4.84 9a4.19 4.19 0 0 1-.69-.26 2.44 2.44 0 0 1-.63-.41 1.92 1.92 0 0 1-.7-1.42 2.68 2.68 0 0 1 .1-1A2.2 2.2 0 0 1 3.39 5a2.42 2.42 0 0 1 .82-.6 3.15 3.15 0 0 1 1.17-.28 3.68 3.68 0 0 1 1.72.24 3 3 0 0 1 .57.29A2.66 2.66 0 0 1 8 5l-.82 1.37a4.42 4.42 0 0 0-.82-.45 2 2 0 0 0-.85-.13 1.4 1.4 0 0 0-.28.06A.9.9 0 0 0 5 6a.62.62 0 0 0-.16.2.5.5 0 0 0 0 .28.6.6 0 0 0 .1.31.68.68 0 0 0 .24.2 1.27 1.27 0 0 0 .35.15l.43.13.35.09a7.49 7.49 0 0 1 .69.22 2.2 2.2 0 0 1 .72.42 2.46 2.46 0 0 1 .54.68 2.31 2.31 0 0 1 .27 1 2.15 2.15 0 0 1-.15 1 2.53 2.53 0 0 1-.56.84 2.77 2.77 0 0 1-.88.59 4 4 0 0 1-1.11.27A4.67 4.67 0 0 1 4 12.25a3.79 3.79 0 0 1-1.28-.75ZM11.29 3.89l2.17-.16 3.1 7.7-2 .15L14 10l-2.39.18-.35 1.67-2 .14Zm2.15 4.6-1-2.84-.61 2.95ZM17 3.47l1.89-.14.44 6 3.3-.25.16 1.92-5.19.39ZM23.36 3l5.13-.38.13 1.8-3.24.24.09 1.22 2.66-.2.12 1.7-2.65.2.09 1.35 3.46-.26.13 1.81-5.34.4Z"></path></g></g></svg></div><!--v-if--><!--v-if--><!--v-if--><!--v-if--></div><a href="https://stopandshop.com/product/wahlburgers-gourmet-blend-angus-ground-beef-burger-sliders-8-ct-fresh-20-oz-pkg/311360" aria-hidden="true" tabindex="-1"><div><!--v-if--><img src="data:image/svg+xml;base64,PD94bWwgdmVyc2lvbj0iMS4wIiBlbmNvZGluZz0idXRmLTgiPz4KPCEtLSBHZW5lcmF0ZWQgYnkgSWNvTW9vbi5pbyAtLT4KPCFET0NUWVBFIHN2ZyBQVUJMSUMgIi0vL1czQy8vRFREIFNWRyAxLjEvL0VOIiAiaHR0cDovL3d3dy53My5vcmcvR3JhcGhpY3MvU1ZHLzEuMS9EVEQvc3ZnMTEuZHRkIj4KPHN2ZyB2ZXJzaW9uPSIxLjEiIHhtbG5zPSJodHRwOi8vd3d3LnczLm9yZy8yMDAwL3N2ZyIgeG1sbnM6eGxpbms9Imh0dHA6Ly93d3cudzMub3JnLzE5OTkveGxpbmsiIHdpZHRoPSI0OCIgaGVpZ2h0PSI0OCIgdmlld0JveD0iMCAwIDQ4IDQ4Ij4KPGcgaWQ9Imljb21vb24taWdub3JlIj4KCTxsaW5lIHN0cm9rZS13aWR0aD0iMSIgeDE9IiIgeTE9IiIgeDI9IiIgeTI9IiIgc3Ryb2tlPSIjNDQ5RkRCIiBvcGFjaXR5PSIiPjwvbGluZT4KPC9nPgoJPHBhdGggZD0iTTM4LjQ4IDkuMDcwYzAuMjQ4IDAgMC40NSAwLjIwMiAwLjQ1IDAuNDV2MjguOTU5YzAgMC4yNDgtMC4yMDIgMC40NS0wLjQ1IDAuNDVoLTI4Ljk1OWMtMC4yNDggMC0wLjQ1LTAuMjAyLTAuNDUtMC40NXYtMjguOTU5YzAtMC4yNDggMC4yMDItMC40NSAwLjQ1LTAuNDVoMjguOTU5ek0zOC40OCA4aC0yOC45NTljLTAuODQgMC0xLjUyIDAuNjgxLTEuNTIgMS41MjF2MjguOTU5YzAgMC44NCAwLjY4MSAxLjUyMSAxLjUyIDEuNTIxaDI4Ljk1OWMwLjg0IDAgMS41Mi0wLjY4MSAxLjUyLTEuNTIxdi0yOC45NTljMC0wLjg0LTAuNjgxLTEuNTIxLTEuNTItMS41MjF2MHoiIG9wYWNpdHk9IjEiIHZpc2liaWxpdHk9ImZhbHNlIiBmaWxsPSIjZDdkN2Q3Ij48L3BhdGg+Cgk8cGF0aCBkPSJNMTIuMjI4IDM1LjIyNHYtMy4zMjljMC0wLjE0NSAwLjA1OC0wLjI4NSAwLjE2LTAuMzg4bDUuNTg3LTUuNTg3YzAuMjE0LTAuMjE0IDAuNTYxLTAuMjE0IDAuNzc1IDBsMi4xMTkgMi4xMTljMC4yMTQgMC4yMTQgMC41NjEgMC4yMTQgMC43NzUgMGw4LjE5MS04LjE5MmMwLjIxNC0wLjIxNCAwLjU2MS0wLjIxNCAwLjc3NSAwbDUgNWMwLjEwMyAwLjEwMyAwLjE2IDAuMjQyIDAuMTYgMC4zODh2OS45ODhjMCAwLjMwMy0wLjI0NSAwLjU0OC0wLjU0OCAwLjU0OGgtMjIuNDQ3Yy0wLjMwMyAwLTAuNTQ4LTAuMjQ1LTAuNTQ4LTAuNTQ4eiIgb3BhY2l0eT0iMSIgdmlzaWJpbGl0eT0iZmFsc2UiIGZpbGw9IiNkN2Q3ZDciPjwvcGF0aD4KCTxwYXRoIGQ9Ik0yMS41NDQgMTcuOTY3YzAgMS45ODItMS42MDYgMy41ODgtMy41ODggMy41ODhzLTMuNTg4LTEuNjA2LTMuNTg4LTMuNTg4YzAtMS45ODEgMS42MDYtMy41ODggMy41ODgtMy41ODhzMy41ODggMS42MDYgMy41ODggMy41ODh6IiBvcGFjaXR5PSIxIiB2aXNpYmlsaXR5PSJmYWxzZSIgZmlsbD0iI2Q3ZDdkNyI+PC9wYXRoPgo8L3N2Zz4K" alt="Wahlburgers Gourmet Blend Angus Ground Beef Burger Sliders - 8 ct Fresh 20 OZ PKG" class="product-grid-image object-contain product-grid-cell_main-image" skeleton-box-size="14rem"></div></a><div class="product-grid-cell_price-tag product-grid-cell_price-tag--full-tile"><div class="product-tile_detail"><div class="skeleton-loader_wrapper cursor-pointer"><!-- eslint-disable-next-line vuejs-accessibility/click-events-have-key-events --><div class="product-grid-cell_price-container product-grid-cell_price-container_column"><span class="sr-only">Wahlburgers Gourmet Blend Angus Ground Beef Burger Sliders - 8 ct Fresh</span><span class="product-grid-cell_main-price product-grid-cell_main-price--on-sale"><span class="sr-only"> Sale Price </span> $8.99</span><div class="product-grid-cell_was-container"><span class="product-grid-cell_regular-price mb-1 product-grid-cell_regular-price--small"><span class="sr-only"> Original Price </span> $10.99</span></div></div><!--v-if--></div><!--v-if--></div><button class="product-tile_detail-title"><div class="skeleton-loader_wrapper"><div class="product-grid-cell_name"><a id="product-name-311360-17497327348211093" class="product-grid-cell_name-text product-grid-cell_name-text--small product-grid-cell_name-text--clamp-2" href="https://stopandshop.com/product/wahlburgers-gourmet-blend-angus-ground-beef-burger-sliders-8-ct-fresh-20-oz-pkg/311360" data-opens-modal="true" aria-haspopup="dialog"><!--v-if--> Wahlburgers Gourmet Blend Angus Ground Beef Burger Sliders - 8 ct Fresh</a></div><!--v-if--><!--v-if--></div><div class="skeleton-loader_wrapper"><!-- eslint-disable-next-line vuejs-accessibility/click-events-have-key-events --><div class="product-grid-cell_sizes"><span class="product-grid-cell_size">20 OZ PKG</span><span aria-hidden="true"> | </span><!--v-if--><span class="product-grid-cell_unit">$7.19 /LB</span></div><!--v-if--></div><!--v-if--></button><div class="product-grid-cell_promo-name"><!--v-if--><!--v-if--><!--v-if--><!--v-if--><!--v-if--></div><!--v-if--><!--v-if--><!--v-if--><!--v-if--><div class="margin-top--one"><!--v-if--><div class="pdl-add-to-cart" coupon-clipped="false"><div class="pdl-add-to-cart_button"><button class="button button--add-to-cart add-sale" aria-label="Add to cart" data-product-id="311360" data-price="8.99">Add to cart <!--v-if--></button><!--v-if--><!--v-if--><!-- Swap n Save --><!--v-if--></div><!--v-if--></div><!--v-if--><!--v-if--></div><!--v-if--></div></div><!-- MOBILE VIEW --><!--v-if--><!-- This is for xxsmall devices --><div class="mobile-product-list-cell_bottom m-4 hidden"><div class="mobile-product-list-cell_bottom_cart-ui-wrapper"><!--v-if--><div class="pdl-add-to-cart" coupon-clipped="false"><div class="pdl-add-to-cart_button"><button class="button button--add-to-cart add-sale" aria-label="Add to cart" data-product-id="311360" data-price="8.99">Add to cart <!--v-if--></button><!--v-if--><!--v-if--><!-- Swap n Save --><!--v-if--></div><!--v-if--></div><!--v-if--><!--v-if--></div><!--v-if--></div><div class="product-tile_action-items" is-typeahead="false"><!--v-if--><!--v-if--><div class="shopping-list-menu_container"><div class="relative-el"><button class="button pdl-product-detail_top-icon button--fourth pdl-product-detail_top-icon--borderless" aria-label="add to shopping list" page-view="browse aisles" title=""><!--v-if--><div class="vector-icon-size--large"><svg xmlns="http://www.w3.org/2000/svg" class="vector-icon-color--dark-grey" aria-label="Shopping List Icon Add" viewBox="0 0 32 32" role="presentation" aria-hidden="true" focusable="false"><title lang="en">Shopping List Icon Add</title><desc></desc><g fill="" stroke=""><g><path d="M21.94066,15.3368884 L21.94066,12.8931995 C21.94066,12.3409148 22.3883752,11.8931995 22.94066,11.8931995 C23.4929447,11.8931995 23.94066,12.3409148 23.94066,12.8931995 L23.94066,15.3368884 L26.2522624,15.3368884 C26.8045471,15.3368884 27.2522624,15.7846037 27.2522624,16.3368884 C27.2522624,16.8891732 26.8045471,17.3368884 26.2522624,17.3368884 L23.94066,17.3368884 L23.94066,19.8787952 C23.94066,20.43108 23.4929447,20.8787952 22.94066,20.8787952 C22.3883752,20.8787952 21.94066,20.43108 21.94066,19.8787952 L21.94066,17.3368884 L19.2666667,17.3368884 C18.7143819,17.3368884 18.2666667,16.8891732 18.2666667,16.3368884 C18.2666667,15.7846037 18.7143819,15.3368884 19.2666667,15.3368884 L21.94066,15.3368884 Z M8,12 C7.44771525,12 7,11.5522847 7,11 C7,10.4477153 7.44771525,10 8,10 L19.1153581,10 C19.6676429,10 20.1153581,10.4477153 20.1153581,11 C20.1153581,11.5522847 19.6676429,12 19.1153581,12 L8,12 Z M8,17.3368884 C7.44771525,17.3368884 7,16.8891732 7,16.3368884 C7,15.7846037 7.44771525,15.3368884 8,15.3368884 L14.7200696,15.3368884 C15.2723543,15.3368884 15.7200696,15.7846037 15.7200696,16.3368884 C15.7200696,16.8891732 15.2723543,17.3368884 14.7200696,17.3368884 L8,17.3368884 Z M8,23 C7.44771525,23 7,22.5522847 7,22 C7,21.4477153 7.44771525,21 8,21 L19.1153581,21 C19.6676429,21 20.1153581,21.4477153 20.1153581,22 C20.1153581,22.5522847 19.6676429,23 19.1153581,23 L8,23 Z" fill="#000000" fill-rule="nonzero"></path></g></g></svg></div><div class="pdl-product-detail_list-tooltip"><p class="no-wrap">Sign in to add to shopping list</p><em></em></div></button></div></div></div><!--v-if--></li><!-- eslint-disable vuejs-accessibility/mouse-events-have-key-events --><li tabindex="-1" data-product-id="372540" class="tile product-cell product-grid-cell mb-0"><!--v-if--><!--v-if--><!--v-if--><div class="product-tile_content"><!--v-if--><a href="https://stopandshop.com/product/bertolino-foods-smashed-beef-burger-patties-6-ct-fresh-24-oz-pkg/372540" aria-hidden="true" tabindex="-1"><div><!--v-if--><img src="data:image/svg+xml;base64,PD94bWwgdmVyc2lvbj0iMS4wIiBlbmNvZGluZz0idXRmLTgiPz4KPCEtLSBHZW5lcmF0ZWQgYnkgSWNvTW9vbi5pbyAtLT4KPCFET0NUWVBFIHN2ZyBQVUJMSUMgIi0vL1czQy8vRFREIFNWRyAxLjEvL0VOIiAiaHR0cDovL3d3dy53My5vcmcvR3JhcGhpY3MvU1ZHLzEuMS9EVEQvc3ZnMTEuZHRkIj4KPHN2ZyB2ZXJzaW9uPSIxLjEiIHhtbG5zPSJodHRwOi8vd3d3LnczLm9yZy8yMDAwL3N2ZyIgeG1sbnM6eGxpbms9Imh0dHA6Ly93d3cudzMub3JnLzE5OTkveGxpbmsiIHdpZHRoPSI0OCIgaGVpZ2h0PSI0OCIgdmlld0JveD0iMCAwIDQ4IDQ4Ij4KPGcgaWQ9Imljb21vb24taWdub3JlIj4KCTxsaW5lIHN0cm9rZS13aWR0aD0iMSIgeDE9IiIgeTE9IiIgeDI9IiIgeTI9IiIgc3Ryb2tlPSIjNDQ5RkRCIiBvcGFjaXR5PSIiPjwvbGluZT4KPC9nPgoJPHBhdGggZD0iTTM4LjQ4IDkuMDcwYzAuMjQ4IDAgMC40NSAwLjIwMiAwLjQ1IDAuNDV2MjguOTU5YzAgMC4yNDgtMC4yMDIgMC40NS0wLjQ1IDAuNDVoLTI4Ljk1OWMtMC4yNDggMC0wLjQ1LTAuMjAyLTAuNDUtMC40NXYtMjguOTU5YzAtMC4yNDggMC4yMDItMC40NSAwLjQ1LTAuNDVoMjguOTU5ek0zOC40OCA4aC0yOC45NTljLTAuODQgMC0xLjUyIDAuNjgxLTEuNTIgMS41MjF2MjguOTU5YzAgMC44NCAwLjY4MSAxLjUyMSAxLjUyIDEuNTIxaDI4Ljk1OWMwLjg0IDAgMS41Mi0wLjY4MSAxLjUyLTEuNTIxdi0yOC45NTljMC0wLjg0LTAuNjgxLTEuNTIxLTEuNTItMS41MjF2MHoiIG9wYWNpdHk9IjEiIHZpc2liaWxpdHk9ImZhbHNlIiBmaWxsPSIjZDdkN2Q3Ij48L3BhdGg+Cgk8cGF0aCBkPSJNMTIuMjI4IDM1LjIyNHYtMy4zMjljMC0wLjE0NSAwLjA1OC0wLjI4NSAwLjE2LTAuMzg4bDUuNTg3LTUuNTg3YzAuMjE0LTAuMjE0IDAuNTYxLTAuMjE0IDAuNzc1IDBsMi4xMTkgMi4xMTljMC4yMTQgMC4yMTQgMC41NjEgMC4yMTQgMC43NzUgMGw4LjE5MS04LjE5MmMwLjIxNC0wLjIxNCAwLjU2MS0wLjIxNCAwLjc3NSAwbDUgNWMwLjEwMyAwLjEwMyAwLjE2IDAuMjQyIDAuMTYgMC4zODh2OS45ODhjMCAwLjMwMy0wLjI0NSAwLjU0OC0wLjU0OCAwLjU0OGgtMjIuNDQ3Yy0wLjMwMyAwLTAuNTQ4LTAuMjQ1LTAuNTQ4LTAuNTQ4eiIgb3BhY2l0eT0iMSIgdmlzaWJpbGl0eT0iZmFsc2UiIGZpbGw9IiNkN2Q3ZDciPjwvcGF0aD4KCTxwYXRoIGQ9Ik0yMS41NDQgMTcuOTY3YzAgMS45ODItMS42MDYgMy41ODgtMy41ODggMy41ODhzLTMuNTg4LTEuNjA2LTMuNTg4LTMuNTg4YzAtMS45ODEgMS42MDYtMy41ODggMy41ODgtMy41ODhzMy41ODggMS42MDYgMy41ODggMy41ODh6IiBvcGFjaXR5PSIxIiB2aXNpYmlsaXR5PSJmYWxzZSIgZmlsbD0iI2Q3ZDdkNyI+PC9wYXRoPgo8L3N2Zz4K" alt="Bertolino Foods Smashed Beef Burger Patties - 6 ct Fresh 24 OZ PKG" class="product-grid-image object-contain product-grid-cell_main-image" skeleton-box-size="14rem"></div></a><div class="product-grid-cell_price-tag product-grid-cell_price-tag--full-tile"><div class="product-tile_detail"><div class="skeleton-loader_wrapper cursor-pointer"><!-- eslint-disable-next-line vuejs-accessibility/click-events-have-key-events --><div class="product-grid-cell_price-container"><span class="sr-only">Bertolino Foods Smashed Beef Burger Patties - 6 ct Fresh</span><span class="product-grid-cell_main-price"><!--v-if--> $10.99</span><!--v-if--></div><!--v-if--></div><!--v-if--></div><button class="product-tile_detail-title"><div class="skeleton-loader_wrapper"><div class="product-grid-cell_name"><a id="product-name-372540-17497327348221463" class="product-grid-cell_name-text product-grid-cell_name-text--small product-grid-cell_name-text--clamp-2" href="https://stopandshop.com/product/bertolino-foods-smashed-beef-burger-patties-6-ct-fresh-24-oz-pkg/372540" data-opens-modal="true" aria-haspopup="dialog"><!--v-if--> Bertolino Foods Smashed Beef Burger Patties - 6 ct Fresh</a></div><!--v-if--><!--v-if--></div><div class="skeleton-loader_wrapper"><!-- eslint-disable-next-line vuejs-accessibility/click-events-have-key-events --><div class="product-grid-cell_sizes"><span class="product-grid-cell_size">24 OZ PKG</span><span aria-hidden="true"> | </span><!--v-if--><span class="product-grid-cell_unit">$7.33 /LB</span></div><!--v-if--></div><!--v-if--></button><div class="product-grid-cell_promo-name"><!--v-if--><!--v-if--><!--v-if--><!--v-if--><!--v-if--></div><!--v-if--><!--v-if--><!--v-if--><!--v-if--><div class="margin-top--one"><!--v-if--><div class="pdl-add-to-cart" coupon-clipped="false"><div class="pdl-add-to-cart_button"><button class="button button--add-to-cart" aria-label="Add to cart" data-product-id="372540" data-price="10.99">Add to cart <!--v-if--></button><!--v-if--><!--v-if--><!-- Swap n Save --><!--v-if--></div><!--v-if--></div><!--v-if--><!--v-if--></div><!--v-if--></div></div><!-- MOBILE VIEW --><!--v-if--><!-- This is for xxsmall devices --><div class="mobile-product-list-cell_bottom m-4 hidden"><div class="mobile-product-list-cell_bottom_cart-ui-wrapper"><!--v-if--><div class="pdl-add-to-cart" coupon-clipped="false"><div class="pdl-add-to-cart_button"><button class="button button--add-to-cart" aria-label="Add to cart" data-product-id="372540" data-price="10.99">Add to cart <!--v-if--></button><!--v-if--><!--v-if--><!-- Swap n Save --><!--v-if--></div><!--v-if--></div><!--v-if--><!--v-if--></div><!--v-if--></div><div class="product-tile_action-items" is-typeahead="false"><!--v-if--><!--v-if--><div class="shopping-list-menu_container"><div class="relative-el"><button class="button pdl-product-detail_top-icon button--fourth pdl-product-detail_top-icon--borderless" aria-label="add to shopping list" page-view="browse aisles" title=""><!--v-if--><div class="vector-icon-size--large"><svg xmlns="http://www.w3.org/2000/svg" class="vector-icon-color--dark-grey" aria-label="Shopping List Icon Add" viewBox="0 0 32 32" role="presentation" aria-hidden="true" focusable="false"><title lang="en">Shopping List Icon Add</title><desc></desc><g fill="" stroke=""><g><path d="M21.94066,15.3368884 L21.94066,12.8931995 C21.94066,12.3409148 22.3883752,11.8931995 22.94066,11.8931995 C23.4929447,11.8931995 23.94066,12.3409148 23.94066,12.8931995 L23.94066,15.3368884 L26.2522624,15.3368884 C26.8045471,15.3368884 27.2522624,15.7846037 27.2522624,16.3368884 C27.2522624,16.8891732 26.8045471,17.3368884 26.2522624,17.3368884 L23.94066,17.3368884 L23.94066,19.8787952 C23.94066,20.43108 23.4929447,20.8787952 22.94066,20.8787952 C22.3883752,20.8787952 21.94066,20.43108 21.94066,19.8787952 L21.94066,17.3368884 L19.2666667,17.3368884 C18.7143819,17.3368884 18.2666667,16.8891732 18.2666667,16.3368884 C18.2666667,15.7846037 18.7143819,15.3368884 19.2666667,15.3368884 L21.94066,15.3368884 Z M8,12 C7.44771525,12 7,11.5522847 7,11 C7,10.4477153 7.44771525,10 8,10 L19.1153581,10 C19.6676429,10 20.1153581,10.4477153 20.1153581,11 C20.1153581,11.5522847 19.6676429,12 19.1153581,12 L8,12 Z M8,17.3368884 C7.44771525,17.3368884 7,16.8891732 7,16.3368884 C7,15.7846037 7.44771525,15.3368884 8,15.3368884 L14.7200696,15.3368884 C15.2723543,15.3368884 15.7200696,15.7846037 15.7200696,16.3368884 C15.7200696,16.8891732 15.2723543,17.3368884 14.7200696,17.3368884 L8,17.3368884 Z M8,23 C7.44771525,23 7,22.5522847 7,22 C7,21.4477153 7.44771525,21 8,21 L19.1153581,21 C19.6676429,21 20.1153581,21.4477153 20.1153581,22 C20.1153581,22.5522847 19.6676429,23 19.1153581,23 L8,23 Z" fill="#000000" fill-rule="nonzero"></path></g></g></svg></div><div class="pdl-product-detail_list-tooltip"><p class="no-wrap">Sign in to add to shopping list</p><em></em></div></button></div></div></div><!--v-if--></li><!--v-if--></ul><!--v-if--><!--v-if--><!--v-if--><!--v-if--></div><div tabindex="-1" class="pdl-carousel_item zone-block_carousel-item" style="height: auto; width: 697px;"><ul class="product-list product-list-triple pt-0 pdl-carousel_content" islastslide="false" itemcountpriorslide="[object Object]" index="9" style="height: auto;"><!-- eslint-disable vuejs-accessibility/mouse-events-have-key-events --><li tabindex="-1" data-product-id="7752" class="tile product-cell product-grid-cell mb-0"><!--v-if--><!--v-if--><!--v-if--><div class="product-tile_content"><!--v-if--><a href="https://stopandshop.com/product/ball-park-bun-size-chicken-pork-franks-8-ct-15-oz-pkg/7752" aria-hidden="true" tabindex="-1"><div><!--v-if--><img src="data:image/svg+xml;base64,PD94bWwgdmVyc2lvbj0iMS4wIiBlbmNvZGluZz0idXRmLTgiPz4KPCEtLSBHZW5lcmF0ZWQgYnkgSWNvTW9vbi5pbyAtLT4KPCFET0NUWVBFIHN2ZyBQVUJMSUMgIi0vL1czQy8vRFREIFNWRyAxLjEvL0VOIiAiaHR0cDovL3d3dy53My5vcmcvR3JhcGhpY3MvU1ZHLzEuMS9EVEQvc3ZnMTEuZHRkIj4KPHN2ZyB2ZXJzaW9uPSIxLjEiIHhtbG5zPSJodHRwOi8vd3d3LnczLm9yZy8yMDAwL3N2ZyIgeG1sbnM6eGxpbms9Imh0dHA6Ly93d3cudzMub3JnLzE5OTkveGxpbmsiIHdpZHRoPSI0OCIgaGVpZ2h0PSI0OCIgdmlld0JveD0iMCAwIDQ4IDQ4Ij4KPGcgaWQ9Imljb21vb24taWdub3JlIj4KCTxsaW5lIHN0cm9rZS13aWR0aD0iMSIgeDE9IiIgeTE9IiIgeDI9IiIgeTI9IiIgc3Ryb2tlPSIjNDQ5RkRCIiBvcGFjaXR5PSIiPjwvbGluZT4KPC9nPgoJPHBhdGggZD0iTTM4LjQ4IDkuMDcwYzAuMjQ4IDAgMC40NSAwLjIwMiAwLjQ1IDAuNDV2MjguOTU5YzAgMC4yNDgtMC4yMDIgMC40NS0wLjQ1IDAuNDVoLTI4Ljk1OWMtMC4yNDggMC0wLjQ1LTAuMjAyLTAuNDUtMC40NXYtMjguOTU5YzAtMC4yNDggMC4yMDItMC40NSAwLjQ1LTAuNDVoMjguOTU5ek0zOC40OCA4aC0yOC45NTljLTAuODQgMC0xLjUyIDAuNjgxLTEuNTIgMS41MjF2MjguOTU5YzAgMC44NCAwLjY4MSAxLjUyMSAxLjUyIDEuNTIxaDI4Ljk1OWMwLjg0IDAgMS41Mi0wLjY4MSAxLjUyLTEuNTIxdi0yOC45NTljMC0wLjg0LTAuNjgxLTEuNTIxLTEuNTItMS41MjF2MHoiIG9wYWNpdHk9IjEiIHZpc2liaWxpdHk9ImZhbHNlIiBmaWxsPSIjZDdkN2Q3Ij48L3BhdGg+Cgk8cGF0aCBkPSJNMTIuMjI4IDM1LjIyNHYtMy4zMjljMC0wLjE0NSAwLjA1OC0wLjI4NSAwLjE2LTAuMzg4bDUuNTg3LTUuNTg3YzAuMjE0LTAuMjE0IDAuNTYxLTAuMjE0IDAuNzc1IDBsMi4xMTkgMi4xMTljMC4yMTQgMC4yMTQgMC41NjEgMC4yMTQgMC43NzUgMGw4LjE5MS04LjE5MmMwLjIxNC0wLjIxNCAwLjU2MS0wLjIxNCAwLjc3NSAwbDUgNWMwLjEwMyAwLjEwMyAwLjE2IDAuMjQyIDAuMTYgMC4zODh2OS45ODhjMCAwLjMwMy0wLjI0NSAwLjU0OC0wLjU0OCAwLjU0OGgtMjIuNDQ3Yy0wLjMwMyAwLTAuNTQ4LTAuMjQ1LTAuNTQ4LTAuNTQ4eiIgb3BhY2l0eT0iMSIgdmlzaWJpbGl0eT0iZmFsc2UiIGZpbGw9IiNkN2Q3ZDciPjwvcGF0aD4KCTxwYXRoIGQ9Ik0yMS41NDQgMTcuOTY3YzAgMS45ODItMS42MDYgMy41ODgtMy41ODggMy41ODhzLTMuNTg4LTEuNjA2LTMuNTg4LTMuNTg4YzAtMS45ODEgMS42MDYtMy41ODggMy41ODgtMy41ODhzMy41ODggMS42MDYgMy41ODggMy41ODh6IiBvcGFjaXR5PSIxIiB2aXNpYmlsaXR5PSJmYWxzZSIgZmlsbD0iI2Q3ZDdkNyI+PC9wYXRoPgo8L3N2Zz4K" alt="Ball Park Bun Size Chicken &amp; Pork Franks - 8 ct 15 OZ PKG" class="product-grid-image object-contain product-grid-cell_main-image" skeleton-box-size="14rem"></div></a><div class="product-grid-cell_price-tag product-grid-cell_price-tag--full-tile"><div class="product-tile_detail"><div class="skeleton-loader_wrapper cursor-pointer"><!-- eslint-disable-next-line vuejs-accessibility/click-events-have-key-events --><div class="product-grid-cell_price-container"><span class="sr-only">Ball Park Bun Size Chicken &amp; Pork Franks - 8 ct</span><span class="product-grid-cell_main-price"><!--v-if--> $4.29</span><!--v-if--></div><!--v-if--></div><!--v-if--></div><button class="product-tile_detail-title"><div class="skeleton-loader_wrapper"><div class="product-grid-cell_name"><a id="product-name-7752-17497327348237818" class="product-grid-cell_name-text product-grid-cell_name-text--small product-grid-cell_name-text--clamp-2" href="https://stopandshop.com/product/ball-park-bun-size-chicken-pork-franks-8-ct-15-oz-pkg/7752" data-opens-modal="true" aria-haspopup="dialog"><!--v-if--> Ball Park Bun Size Chicken &amp; Pork Franks - 8 ct</a></div><!--v-if--><!--v-if--></div><div class="skeleton-loader_wrapper"><!-- eslint-disable-next-line vuejs-accessibility/click-events-have-key-events --><div class="product-grid-cell_sizes"><span class="product-grid-cell_size">15 OZ PKG</span><span aria-hidden="true"> | </span><!--v-if--><span class="product-grid-cell_unit">$4.56 /LB</span></div><!--v-if--></div><!--v-if--></button><div class="product-grid-cell_promo-name"><!--v-if--><!--v-if--><!--v-if--><!--v-if--><!--v-if--></div><!--v-if--><!--v-if--><!--v-if--><!--v-if--><div class="margin-top--one"><!--v-if--><div class="pdl-add-to-cart" coupon-clipped="false"><div class="pdl-add-to-cart_button"><button class="button button--add-to-cart" aria-label="Add to cart" data-product-id="7752" data-price="4.29">Add to cart <!--v-if--></button><!--v-if--><!--v-if--><!-- Swap n Save --><!--v-if--></div><!--v-if--></div><!--v-if--><!--v-if--></div><!--v-if--></div></div><!-- MOBILE VIEW --><!--v-if--><!-- This is for xxsmall devices --><div class="mobile-product-list-cell_bottom m-4 hidden"><div class="mobile-product-list-cell_bottom_cart-ui-wrapper"><!--v-if--><div class="pdl-add-to-cart" coupon-clipped="false"><div class="pdl-add-to-cart_button"><button class="button button--add-to-cart" aria-label="Add to cart" data-product-id="7752" data-price="4.29">Add to cart <!--v-if--></button><!--v-if--><!--v-if--><!-- Swap n Save --><!--v-if--></div><!--v-if--></div><!--v-if--><!--v-if--></div><!--v-if--></div><div class="product-tile_action-items" is-typeahead="false"><!--v-if--><!--v-if--><div class="shopping-list-menu_container"><div class="relative-el"><button class="button pdl-product-detail_top-icon button--fourth pdl-product-detail_top-icon--borderless" aria-label="add to shopping list" page-view="browse aisles" title=""><!--v-if--><div class="vector-icon-size--large"><svg xmlns="http://www.w3.org/2000/svg" class="vector-icon-color--dark-grey" aria-label="Shopping List Icon Add" viewBox="0 0 32 32" role="presentation" aria-hidden="true" focusable="false"><title lang="en">Shopping List Icon Add</title><desc></desc><g fill="" stroke=""><g><path d="M21.94066,15.3368884 L21.94066,12.8931995 C21.94066,12.3409148 22.3883752,11.8931995 22.94066,11.8931995 C23.4929447,11.8931995 23.94066,12.3409148 23.94066,12.8931995 L23.94066,15.3368884 L26.2522624,15.3368884 C26.8045471,15.3368884 27.2522624,15.7846037 27.2522624,16.3368884 C27.2522624,16.8891732 26.8045471,17.3368884 26.2522624,17.3368884 L23.94066,17.3368884 L23.94066,19.8787952 C23.94066,20.43108 23.4929447,20.8787952 22.94066,20.8787952 C22.3883752,20.8787952 21.94066,20.43108 21.94066,19.8787952 L21.94066,17.3368884 L19.2666667,17.3368884 C18.7143819,17.3368884 18.2666667,16.8891732 18.2666667,16.3368884 C18.2666667,15.7846037 18.7143819,15.3368884 19.2666667,15.3368884 L21.94066,15.3368884 Z M8,12 C7.44771525,12 7,11.5522847 7,11 C7,10.4477153 7.44771525,10 8,10 L19.1153581,10 C19.6676429,10 20.1153581,10.4477153 20.1153581,11 C20.1153581,11.5522847 19.6676429,12 19.1153581,12 L8,12 Z M8,17.3368884 C7.44771525,17.3368884 7,16.8891732 7,16.3368884 C7,15.7846037 7.44771525,15.3368884 8,15.3368884 L14.7200696,15.3368884 C15.2723543,15.3368884 15.7200696,15.7846037 15.7200696,16.3368884 C15.7200696,16.8891732 15.2723543,17.3368884 14.7200696,17.3368884 L8,17.3368884 Z M8,23 C7.44771525,23 7,22.5522847 7,22 C7,21.4477153 7.44771525,21 8,21 L19.1153581,21 C19.6676429,21 20.1153581,21.4477153 20.1153581,22 C20.1153581,22.5522847 19.6676429,23 19.1153581,23 L8,23 Z" fill="#000000" fill-rule="nonzero"></path></g></g></svg></div><div class="pdl-product-detail_list-tooltip"><p class="no-wrap">Sign in to add to shopping list</p><em></em></div></button></div></div></div><!--v-if--></li><!-- eslint-disable vuejs-accessibility/mouse-events-have-key-events --><li tabindex="-1" data-product-id="228000" class="tile product-cell product-grid-cell mb-0"><!--v-if--><!--v-if--><!--v-if--><div class="product-tile_content"><!--v-if--><a href="https://stopandshop.com/product/nathans-famous-jumbo-restaurant-style-beef-franks-5-ct-12-oz-pkg/228000" aria-hidden="true" tabindex="-1"><div><!--v-if--><img src="data:image/svg+xml;base64,PD94bWwgdmVyc2lvbj0iMS4wIiBlbmNvZGluZz0idXRmLTgiPz4KPCEtLSBHZW5lcmF0ZWQgYnkgSWNvTW9vbi5pbyAtLT4KPCFET0NUWVBFIHN2ZyBQVUJMSUMgIi0vL1czQy8vRFREIFNWRyAxLjEvL0VOIiAiaHR0cDovL3d3dy53My5vcmcvR3JhcGhpY3MvU1ZHLzEuMS9EVEQvc3ZnMTEuZHRkIj4KPHN2ZyB2ZXJzaW9uPSIxLjEiIHhtbG5zPSJodHRwOi8vd3d3LnczLm9yZy8yMDAwL3N2ZyIgeG1sbnM6eGxpbms9Imh0dHA6Ly93d3cudzMub3JnLzE5OTkveGxpbmsiIHdpZHRoPSI0OCIgaGVpZ2h0PSI0OCIgdmlld0JveD0iMCAwIDQ4IDQ4Ij4KPGcgaWQ9Imljb21vb24taWdub3JlIj4KCTxsaW5lIHN0cm9rZS13aWR0aD0iMSIgeDE9IiIgeTE9IiIgeDI9IiIgeTI9IiIgc3Ryb2tlPSIjNDQ5RkRCIiBvcGFjaXR5PSIiPjwvbGluZT4KPC9nPgoJPHBhdGggZD0iTTM4LjQ4IDkuMDcwYzAuMjQ4IDAgMC40NSAwLjIwMiAwLjQ1IDAuNDV2MjguOTU5YzAgMC4yNDgtMC4yMDIgMC40NS0wLjQ1IDAuNDVoLTI4Ljk1OWMtMC4yNDggMC0wLjQ1LTAuMjAyLTAuNDUtMC40NXYtMjguOTU5YzAtMC4yNDggMC4yMDItMC40NSAwLjQ1LTAuNDVoMjguOTU5ek0zOC40OCA4aC0yOC45NTljLTAuODQgMC0xLjUyIDAuNjgxLTEuNTIgMS41MjF2MjguOTU5YzAgMC44NCAwLjY4MSAxLjUyMSAxLjUyIDEuNTIxaDI4Ljk1OWMwLjg0IDAgMS41Mi0wLjY4MSAxLjUyLTEuNTIxdi0yOC45NTljMC0wLjg0LTAuNjgxLTEuNTIxLTEuNTItMS41MjF2MHoiIG9wYWNpdHk9IjEiIHZpc2liaWxpdHk9ImZhbHNlIiBmaWxsPSIjZDdkN2Q3Ij48L3BhdGg+Cgk8cGF0aCBkPSJNMTIuMjI4IDM1LjIyNHYtMy4zMjljMC0wLjE0NSAwLjA1OC0wLjI4NSAwLjE2LTAuMzg4bDUuNTg3LTUuNTg3YzAuMjE0LTAuMjE0IDAuNTYxLTAuMjE0IDAuNzc1IDBsMi4xMTkgMi4xMTljMC4yMTQgMC4yMTQgMC41NjEgMC4yMTQgMC43NzUgMGw4LjE5MS04LjE5MmMwLjIxNC0wLjIxNCAwLjU2MS0wLjIxNCAwLjc3NSAwbDUgNWMwLjEwMyAwLjEwMyAwLjE2IDAuMjQyIDAuMTYgMC4zODh2OS45ODhjMCAwLjMwMy0wLjI0NSAwLjU0OC0wLjU0OCAwLjU0OGgtMjIuNDQ3Yy0wLjMwMyAwLTAuNTQ4LTAuMjQ1LTAuNTQ4LTAuNTQ4eiIgb3BhY2l0eT0iMSIgdmlzaWJpbGl0eT0iZmFsc2UiIGZpbGw9IiNkN2Q3ZDciPjwvcGF0aD4KCTxwYXRoIGQ9Ik0yMS41NDQgMTcuOTY3YzAgMS45ODItMS42MDYgMy41ODgtMy41ODggMy41ODhzLTMuNTg4LTEuNjA2LTMuNTg4LTMuNTg4YzAtMS45ODEgMS42MDYtMy41ODggMy41ODgtMy41ODhzMy41ODggMS42MDYgMy41ODggMy41ODh6IiBvcGFjaXR5PSIxIiB2aXNpYmlsaXR5PSJmYWxzZSIgZmlsbD0iI2Q3ZDdkNyI+PC9wYXRoPgo8L3N2Zz4K" alt="Nathan&#39;s Famous Jumbo Restaurant Style Beef Franks - 5 ct 12 OZ PKG" class="product-grid-image object-contain product-grid-cell_main-image" skeleton-box-size="14rem"></div></a><div class="product-grid-cell_price-tag product-grid-cell_price-tag--full-tile"><div class="product-tile_detail"><div class="skeleton-loader_wrapper cursor-pointer"><!-- eslint-disable-next-line vuejs-accessibility/click-events-have-key-events --><div class="product-grid-cell_price-container"><span class="sr-only">Nathan's Famous Jumbo Restaurant Style Beef Franks - 5 ct</span><span class="product-grid-cell_main-price"><!--v-if--> $7.99</span><!--v-if--></div><!--v-if--></div><!--v-if--></div><button class="product-tile_detail-title"><div class="skeleton-loader_wrapper"><div class="product-grid-cell_name"><a id="product-name-228000-17497327348244515" class="product-grid-cell_name-text product-grid-cell_name-text--small product-grid-cell_name-text--clamp-2" href="https://stopandshop.com/product/nathans-famous-jumbo-restaurant-style-beef-franks-5-ct-12-oz-pkg/228000" data-opens-modal="true" aria-haspopup="dialog"><!--v-if--> Nathan's Famous Jumbo Restaurant Style Beef Franks - 5 ct</a></div><!--v-if--><!--v-if--></div><div class="skeleton-loader_wrapper"><!-- eslint-disable-next-line vuejs-accessibility/click-events-have-key-events --><div class="product-grid-cell_sizes"><span class="product-grid-cell_size">12 OZ PKG</span><span aria-hidden="true"> | </span><!--v-if--><span class="product-grid-cell_unit">$10.65 /LB</span></div><!--v-if--></div><!--v-if--></button><div class="product-grid-cell_promo-name"><!--v-if--><!--v-if--><!--v-if--><!--v-if--><!--v-if--></div><!--v-if--><!--v-if--><!--v-if--><!--v-if--><div class="margin-top--one"><!--v-if--><div class="pdl-add-to-cart" coupon-clipped="false"><div class="pdl-add-to-cart_button"><button class="button button--add-to-cart" aria-label="Add to cart" data-product-id="228000" data-price="7.99">Add to cart <!--v-if--></button><!--v-if--><!--v-if--><!-- Swap n Save --><!--v-if--></div><!--v-if--></div><!--v-if--><!--v-if--></div><!--v-if--></div></div><!-- MOBILE VIEW --><!--v-if--><!-- This is for xxsmall devices --><div class="mobile-product-list-cell_bottom m-4 hidden"><div class="mobile-product-list-cell_bottom_cart-ui-wrapper"><!--v-if--><div class="pdl-add-to-cart" coupon-clipped="false"><div class="pdl-add-to-cart_button"><button class="button button--add-to-cart" aria-label="Add to cart" data-product-id="228000" data-price="7.99">Add to cart <!--v-if--></button><!--v-if--><!--v-if--><!-- Swap n Save --><!--v-if--></div><!--v-if--></div><!--v-if--><!--v-if--></div><!--v-if--></div><div class="product-tile_action-items" is-typeahead="false"><!--v-if--><!--v-if--><div class="shopping-list-menu_container"><div class="relative-el"><button class="button pdl-product-detail_top-icon button--fourth pdl-product-detail_top-icon--borderless" aria-label="add to shopping list" page-view="browse aisles" title=""><!--v-if--><div class="vector-icon-size--large"><svg xmlns="http://www.w3.org/2000/svg" class="vector-icon-color--dark-grey" aria-label="Shopping List Icon Add" viewBox="0 0 32 32" role="presentation" aria-hidden="true" focusable="false"><title lang="en">Shopping List Icon Add</title><desc></desc><g fill="" stroke=""><g><path d="M21.94066,15.3368884 L21.94066,12.8931995 C21.94066,12.3409148 22.3883752,11.8931995 22.94066,11.8931995 C23.4929447,11.8931995 23.94066,12.3409148 23.94066,12.8931995 L23.94066,15.3368884 L26.2522624,15.3368884 C26.8045471,15.3368884 27.2522624,15.7846037 27.2522624,16.3368884 C27.2522624,16.8891732 26.8045471,17.3368884 26.2522624,17.3368884 L23.94066,17.3368884 L23.94066,19.8787952 C23.94066,20.43108 23.4929447,20.8787952 22.94066,20.8787952 C22.3883752,20.8787952 21.94066,20.43108 21.94066,19.8787952 L21.94066,17.3368884 L19.2666667,17.3368884 C18.7143819,17.3368884 18.2666667,16.8891732 18.2666667,16.3368884 C18.2666667,15.7846037 18.7143819,15.3368884 19.2666667,15.3368884 L21.94066,15.3368884 Z M8,12 C7.44771525,12 7,11.5522847 7,11 C7,10.4477153 7.44771525,10 8,10 L19.1153581,10 C19.6676429,10 20.1153581,10.4477153 20.1153581,11 C20.1153581,11.5522847 19.6676429,12 19.1153581,12 L8,12 Z M8,17.3368884 C7.44771525,17.3368884 7,16.8891732 7,16.3368884 C7,15.7846037 7.44771525,15.3368884 8,15.3368884 L14.7200696,15.3368884 C15.2723543,15.3368884 15.7200696,15.7846037 15.7200696,16.3368884 C15.7200696,16.8891732 15.2723543,17.3368884 14.7200696,17.3368884 L8,17.3368884 Z M8,23 C7.44771525,23 7,22.5522847 7,22 C7,21.4477153 7.44771525,21 8,21 L19.1153581,21 C19.6676429,21 20.1153581,21.4477153 20.1153581,22 C20.1153581,22.5522847 19.6676429,23 19.1153581,23 L8,23 Z" fill="#000000" fill-rule="nonzero"></path></g></g></svg></div><div class="pdl-product-detail_list-tooltip"><p class="no-wrap">Sign in to add to shopping list</p><em></em></div></button></div></div></div><!--v-if--></li><!-- eslint-disable vuejs-accessibility/mouse-events-have-key-events --><li tabindex="-1" data-product-id="89970" class="tile product-cell product-grid-cell mb-0"><!--v-if--><!--v-if--><!--v-if--><div class="product-tile_content"><!--v-if--><a href="https://stopandshop.com/product/hebrew-national-100-kosher-97-fat-free-beef-franks-6-ct-9.43-oz-pkg/89970" aria-hidden="true" tabindex="-1"><div><!--v-if--><img src="data:image/svg+xml;base64,PD94bWwgdmVyc2lvbj0iMS4wIiBlbmNvZGluZz0idXRmLTgiPz4KPCEtLSBHZW5lcmF0ZWQgYnkgSWNvTW9vbi5pbyAtLT4KPCFET0NUWVBFIHN2ZyBQVUJMSUMgIi0vL1czQy8vRFREIFNWRyAxLjEvL0VOIiAiaHR0cDovL3d3dy53My5vcmcvR3JhcGhpY3MvU1ZHLzEuMS9EVEQvc3ZnMTEuZHRkIj4KPHN2ZyB2ZXJzaW9uPSIxLjEiIHhtbG5zPSJodHRwOi8vd3d3LnczLm9yZy8yMDAwL3N2ZyIgeG1sbnM6eGxpbms9Imh0dHA6Ly93d3cudzMub3JnLzE5OTkveGxpbmsiIHdpZHRoPSI0OCIgaGVpZ2h0PSI0OCIgdmlld0JveD0iMCAwIDQ4IDQ4Ij4KPGcgaWQ9Imljb21vb24taWdub3JlIj4KCTxsaW5lIHN0cm9rZS13aWR0aD0iMSIgeDE9IiIgeTE9IiIgeDI9IiIgeTI9IiIgc3Ryb2tlPSIjNDQ5RkRCIiBvcGFjaXR5PSIiPjwvbGluZT4KPC9nPgoJPHBhdGggZD0iTTM4LjQ4IDkuMDcwYzAuMjQ4IDAgMC40NSAwLjIwMiAwLjQ1IDAuNDV2MjguOTU5YzAgMC4yNDgtMC4yMDIgMC40NS0wLjQ1IDAuNDVoLTI4Ljk1OWMtMC4yNDggMC0wLjQ1LTAuMjAyLTAuNDUtMC40NXYtMjguOTU5YzAtMC4yNDggMC4yMDItMC40NSAwLjQ1LTAuNDVoMjguOTU5ek0zOC40OCA4aC0yOC45NTljLTAuODQgMC0xLjUyIDAuNjgxLTEuNTIgMS41MjF2MjguOTU5YzAgMC44NCAwLjY4MSAxLjUyMSAxLjUyIDEuNTIxaDI4Ljk1OWMwLjg0IDAgMS41Mi0wLjY4MSAxLjUyLTEuNTIxdi0yOC45NTljMC0wLjg0LTAuNjgxLTEuNTIxLTEuNTItMS41MjF2MHoiIG9wYWNpdHk9IjEiIHZpc2liaWxpdHk9ImZhbHNlIiBmaWxsPSIjZDdkN2Q3Ij48L3BhdGg+Cgk8cGF0aCBkPSJNMTIuMjI4IDM1LjIyNHYtMy4zMjljMC0wLjE0NSAwLjA1OC0wLjI4NSAwLjE2LTAuMzg4bDUuNTg3LTUuNTg3YzAuMjE0LTAuMjE0IDAuNTYxLTAuMjE0IDAuNzc1IDBsMi4xMTkgMi4xMTljMC4yMTQgMC4yMTQgMC41NjEgMC4yMTQgMC43NzUgMGw4LjE5MS04LjE5MmMwLjIxNC0wLjIxNCAwLjU2MS0wLjIxNCAwLjc3NSAwbDUgNWMwLjEwMyAwLjEwMyAwLjE2IDAuMjQyIDAuMTYgMC4zODh2OS45ODhjMCAwLjMwMy0wLjI0NSAwLjU0OC0wLjU0OCAwLjU0OGgtMjIuNDQ3Yy0wLjMwMyAwLTAuNTQ4LTAuMjQ1LTAuNTQ4LTAuNTQ4eiIgb3BhY2l0eT0iMSIgdmlzaWJpbGl0eT0iZmFsc2UiIGZpbGw9IiNkN2Q3ZDciPjwvcGF0aD4KCTxwYXRoIGQ9Ik0yMS41NDQgMTcuOTY3YzAgMS45ODItMS42MDYgMy41ODgtMy41ODggMy41ODhzLTMuNTg4LTEuNjA2LTMuNTg4LTMuNTg4YzAtMS45ODEgMS42MDYtMy41ODggMy41ODgtMy41ODhzMy41ODggMS42MDYgMy41ODggMy41ODh6IiBvcGFjaXR5PSIxIiB2aXNpYmlsaXR5PSJmYWxzZSIgZmlsbD0iI2Q3ZDdkNyI+PC9wYXRoPgo8L3N2Zz4K" alt="Hebrew National 100% Kosher 97% Fat Free Beef Franks - 6 ct 9.43 OZ PKG" class="product-grid-image object-contain product-grid-cell_main-image" skeleton-box-size="14rem"></div></a><div class="product-grid-cell_price-tag product-grid-cell_price-tag--full-tile"><div class="product-tile_detail"><div class="skeleton-loader_wrapper cursor-pointer"><!-- eslint-disable-next-line vuejs-accessibility/click-events-have-key-events --><div class="product-grid-cell_price-container"><span class="sr-only">Hebrew National 100% Kosher 97% Fat Free Beef Franks - 6 ct</span><span class="product-grid-cell_main-price"><!--v-if--> $6.99</span><!--v-if--></div><!--v-if--></div><!--v-if--></div><button class="product-tile_detail-title"><div class="skeleton-loader_wrapper"><div class="product-grid-cell_name"><a id="product-name-89970-17497327348252519" class="product-grid-cell_name-text product-grid-cell_name-text--small product-grid-cell_name-text--clamp-2" href="https://stopandshop.com/product/hebrew-national-100-kosher-97-fat-free-beef-franks-6-ct-9.43-oz-pkg/89970" data-opens-modal="true" aria-haspopup="dialog"><!--v-if--> Hebrew National 100% Kosher 97% Fat Free Beef Franks - 6 ct</a></div><!--v-if--><!--v-if--></div><div class="skeleton-loader_wrapper"><!-- eslint-disable-next-line vuejs-accessibility/click-events-have-key-events --><div class="product-grid-cell_sizes"><span class="product-grid-cell_size">9.43 OZ PKG</span><span aria-hidden="true"> | </span><!--v-if--><span class="product-grid-cell_unit">$11.85 /LB</span></div><!--v-if--></div><!--v-if--></button><div class="product-grid-cell_promo-name"><!--v-if--><!--v-if--><!--v-if--><!--v-if--><!--v-if--></div><!--v-if--><!--v-if--><!--v-if--><!--v-if--><div class="margin-top--one"><!--v-if--><div class="pdl-add-to-cart" coupon-clipped="false"><div class="pdl-add-to-cart_button"><button class="button button--add-to-cart" aria-label="Add to cart" data-product-id="89970" data-price="6.99">Add to cart <!--v-if--></button><!--v-if--><!--v-if--><!-- Swap n Save --><!--v-if--></div><!--v-if--></div><!--v-if--><!--v-if--></div><!--v-if--></div></div><!-- MOBILE VIEW --><!--v-if--><!-- This is for xxsmall devices --><div class="mobile-product-list-cell_bottom m-4 hidden"><div class="mobile-product-list-cell_bottom_cart-ui-wrapper"><!--v-if--><div class="pdl-add-to-cart" coupon-clipped="false"><div class="pdl-add-to-cart_button"><button class="button button--add-to-cart" aria-label="Add to cart" data-product-id="89970" data-price="6.99">Add to cart <!--v-if--></button><!--v-if--><!--v-if--><!-- Swap n Save --><!--v-if--></div><!--v-if--></div><!--v-if--><!--v-if--></div><!--v-if--></div><div class="product-tile_action-items" is-typeahead="false"><!--v-if--><!--v-if--><div class="shopping-list-menu_container"><div class="relative-el"><button class="button pdl-product-detail_top-icon button--fourth pdl-product-detail_top-icon--borderless" aria-label="add to shopping list" page-view="browse aisles" title=""><!--v-if--><div class="vector-icon-size--large"><svg xmlns="http://www.w3.org/2000/svg" class="vector-icon-color--dark-grey" aria-label="Shopping List Icon Add" viewBox="0 0 32 32" role="presentation" aria-hidden="true" focusable="false"><title lang="en">Shopping List Icon Add</title><desc></desc><g fill="" stroke=""><g><path d="M21.94066,15.3368884 L21.94066,12.8931995 C21.94066,12.3409148 22.3883752,11.8931995 22.94066,11.8931995 C23.4929447,11.8931995 23.94066,12.3409148 23.94066,12.8931995 L23.94066,15.3368884 L26.2522624,15.3368884 C26.8045471,15.3368884 27.2522624,15.7846037 27.2522624,16.3368884 C27.2522624,16.8891732 26.8045471,17.3368884 26.2522624,17.3368884 L23.94066,17.3368884 L23.94066,19.8787952 C23.94066,20.43108 23.4929447,20.8787952 22.94066,20.8787952 C22.3883752,20.8787952 21.94066,20.43108 21.94066,19.8787952 L21.94066,17.3368884 L19.2666667,17.3368884 C18.7143819,17.3368884 18.2666667,16.8891732 18.2666667,16.3368884 C18.2666667,15.7846037 18.7143819,15.3368884 19.2666667,15.3368884 L21.94066,15.3368884 Z M8,12 C7.44771525,12 7,11.5522847 7,11 C7,10.4477153 7.44771525,10 8,10 L19.1153581,10 C19.6676429,10 20.1153581,10.4477153 20.1153581,11 C20.1153581,11.5522847 19.6676429,12 19.1153581,12 L8,12 Z M8,17.3368884 C7.44771525,17.3368884 7,16.8891732 7,16.3368884 C7,15.7846037 7.44771525,15.3368884 8,15.3368884 L14.7200696,15.3368884 C15.2723543,15.3368884 15.7200696,15.7846037 15.7200696,16.3368884 C15.7200696,16.8891732 15.2723543,17.3368884 14.7200696,17.3368884 L8,17.3368884 Z M8,23 C7.44771525,23 7,22.5522847 7,22 C7,21.4477153 7.44771525,21 8,21 L19.1153581,21 C19.6676429,21 20.1153581,21.4477153 20.1153581,22 C20.1153581,22.5522847 19.6676429,23 19.1153581,23 L8,23 Z" fill="#000000" fill-rule="nonzero"></path></g></g></svg></div><div class="pdl-product-detail_list-tooltip"><p class="no-wrap">Sign in to add to shopping list</p><em></em></div></button></div></div></div><!--v-if--></li><!--v-if--></ul><!--v-if--><!--v-if--><!--v-if--><!--v-if--></div><div tabindex="-1" class="pdl-carousel_item zone-block_carousel-item" style="height: auto; width: 697px;"><ul class="product-list product-list-triple pt-0 pdl-carousel_content" islastslide="false" itemcountpriorslide="[object Object]" index="10" style="height: auto;"><!-- eslint-disable vuejs-accessibility/mouse-events-have-key-events --><li tabindex="-1" data-product-id="247132" class="tile product-cell product-grid-cell mb-0"><!--v-if--><!--v-if--><!--v-if--><div class="product-tile_content"><!--v-if--><a href="https://stopandshop.com/product/hebrew-national-100-kosher-natural-uncured-beef-franks-6-ct-10.3-oz-pkg/247132" aria-hidden="true" tabindex="-1"><div><!--v-if--><img src="data:image/svg+xml;base64,PD94bWwgdmVyc2lvbj0iMS4wIiBlbmNvZGluZz0idXRmLTgiPz4KPCEtLSBHZW5lcmF0ZWQgYnkgSWNvTW9vbi5pbyAtLT4KPCFET0NUWVBFIHN2ZyBQVUJMSUMgIi0vL1czQy8vRFREIFNWRyAxLjEvL0VOIiAiaHR0cDovL3d3dy53My5vcmcvR3JhcGhpY3MvU1ZHLzEuMS9EVEQvc3ZnMTEuZHRkIj4KPHN2ZyB2ZXJzaW9uPSIxLjEiIHhtbG5zPSJodHRwOi8vd3d3LnczLm9yZy8yMDAwL3N2ZyIgeG1sbnM6eGxpbms9Imh0dHA6Ly93d3cudzMub3JnLzE5OTkveGxpbmsiIHdpZHRoPSI0OCIgaGVpZ2h0PSI0OCIgdmlld0JveD0iMCAwIDQ4IDQ4Ij4KPGcgaWQ9Imljb21vb24taWdub3JlIj4KCTxsaW5lIHN0cm9rZS13aWR0aD0iMSIgeDE9IiIgeTE9IiIgeDI9IiIgeTI9IiIgc3Ryb2tlPSIjNDQ5RkRCIiBvcGFjaXR5PSIiPjwvbGluZT4KPC9nPgoJPHBhdGggZD0iTTM4LjQ4IDkuMDcwYzAuMjQ4IDAgMC40NSAwLjIwMiAwLjQ1IDAuNDV2MjguOTU5YzAgMC4yNDgtMC4yMDIgMC40NS0wLjQ1IDAuNDVoLTI4Ljk1OWMtMC4yNDggMC0wLjQ1LTAuMjAyLTAuNDUtMC40NXYtMjguOTU5YzAtMC4yNDggMC4yMDItMC40NSAwLjQ1LTAuNDVoMjguOTU5ek0zOC40OCA4aC0yOC45NTljLTAuODQgMC0xLjUyIDAuNjgxLTEuNTIgMS41MjF2MjguOTU5YzAgMC44NCAwLjY4MSAxLjUyMSAxLjUyIDEuNTIxaDI4Ljk1OWMwLjg0IDAgMS41Mi0wLjY4MSAxLjUyLTEuNTIxdi0yOC45NTljMC0wLjg0LTAuNjgxLTEuNTIxLTEuNTItMS41MjF2MHoiIG9wYWNpdHk9IjEiIHZpc2liaWxpdHk9ImZhbHNlIiBmaWxsPSIjZDdkN2Q3Ij48L3BhdGg+Cgk8cGF0aCBkPSJNMTIuMjI4IDM1LjIyNHYtMy4zMjljMC0wLjE0NSAwLjA1OC0wLjI4NSAwLjE2LTAuMzg4bDUuNTg3LTUuNTg3YzAuMjE0LTAuMjE0IDAuNTYxLTAuMjE0IDAuNzc1IDBsMi4xMTkgMi4xMTljMC4yMTQgMC4yMTQgMC41NjEgMC4yMTQgMC43NzUgMGw4LjE5MS04LjE5MmMwLjIxNC0wLjIxNCAwLjU2MS0wLjIxNCAwLjc3NSAwbDUgNWMwLjEwMyAwLjEwMyAwLjE2IDAuMjQyIDAuMTYgMC4zODh2OS45ODhjMCAwLjMwMy0wLjI0NSAwLjU0OC0wLjU0OCAwLjU0OGgtMjIuNDQ3Yy0wLjMwMyAwLTAuNTQ4LTAuMjQ1LTAuNTQ4LTAuNTQ4eiIgb3BhY2l0eT0iMSIgdmlzaWJpbGl0eT0iZmFsc2UiIGZpbGw9IiNkN2Q3ZDciPjwvcGF0aD4KCTxwYXRoIGQ9Ik0yMS41NDQgMTcuOTY3YzAgMS45ODItMS42MDYgMy41ODgtMy41ODggMy41ODhzLTMuNTg4LTEuNjA2LTMuNTg4LTMuNTg4YzAtMS45ODEgMS42MDYtMy41ODggMy41ODgtMy41ODhzMy41ODggMS42MDYgMy41ODggMy41ODh6IiBvcGFjaXR5PSIxIiB2aXNpYmlsaXR5PSJmYWxzZSIgZmlsbD0iI2Q3ZDdkNyI+PC9wYXRoPgo8L3N2Zz4K" alt="Hebrew National 100% Kosher Natural Uncured Beef Franks - 6 ct 10.3 OZ PKG" class="product-grid-image object-contain product-grid-cell_main-image" skeleton-box-size="14rem"></div></a><div class="product-grid-cell_price-tag product-grid-cell_price-tag--full-tile"><div class="product-tile_detail"><div class="skeleton-loader_wrapper cursor-pointer"><!-- eslint-disable-next-line vuejs-accessibility/click-events-have-key-events --><div class="product-grid-cell_price-container"><span class="sr-only">Hebrew National 100% Kosher Natural Uncured Beef Franks - 6 ct</span><span class="product-grid-cell_main-price"><!--v-if--> $6.99</span><!--v-if--></div><!--v-if--></div><!--v-if--></div><button class="product-tile_detail-title"><div class="skeleton-loader_wrapper"><div class="product-grid-cell_name"><a id="product-name-247132-17497327348263734" class="product-grid-cell_name-text product-grid-cell_name-text--small product-grid-cell_name-text--clamp-2" href="https://stopandshop.com/product/hebrew-national-100-kosher-natural-uncured-beef-franks-6-ct-10.3-oz-pkg/247132" data-opens-modal="true" aria-haspopup="dialog"><!--v-if--> Hebrew National 100% Kosher Natural Uncured Beef Franks - 6 ct</a></div><!--v-if--><!--v-if--></div><div class="skeleton-loader_wrapper"><!-- eslint-disable-next-line vuejs-accessibility/click-events-have-key-events --><div class="product-grid-cell_sizes"><span class="product-grid-cell_size">10.3 OZ PKG</span><span aria-hidden="true"> | </span><!--v-if--><span class="product-grid-cell_unit">$10.92 /LB</span></div><!--v-if--></div><!--v-if--></button><div class="product-grid-cell_promo-name"><!--v-if--><!--v-if--><!--v-if--><!--v-if--><!--v-if--></div><!--v-if--><!--v-if--><!--v-if--><!--v-if--><div class="margin-top--one"><!--v-if--><div class="pdl-add-to-cart" coupon-clipped="false"><div class="pdl-add-to-cart_button"><button class="button button--add-to-cart" aria-label="Add to cart" data-product-id="247132" data-price="6.99">Add to cart <!--v-if--></button><!--v-if--><!--v-if--><!-- Swap n Save --><!--v-if--></div><!--v-if--></div><!--v-if--><!--v-if--></div><!--v-if--></div></div><!-- MOBILE VIEW --><!--v-if--><!-- This is for xxsmall devices --><div class="mobile-product-list-cell_bottom m-4 hidden"><div class="mobile-product-list-cell_bottom_cart-ui-wrapper"><!--v-if--><div class="pdl-add-to-cart" coupon-clipped="false"><div class="pdl-add-to-cart_button"><button class="button button--add-to-cart" aria-label="Add to cart" data-product-id="247132" data-price="6.99">Add to cart <!--v-if--></button><!--v-if--><!--v-if--><!-- Swap n Save --><!--v-if--></div><!--v-if--></div><!--v-if--><!--v-if--></div><!--v-if--></div><div class="product-tile_action-items" is-typeahead="false"><!--v-if--><!--v-if--><div class="shopping-list-menu_container"><div class="relative-el"><button class="button pdl-product-detail_top-icon button--fourth pdl-product-detail_top-icon--borderless" aria-label="add to shopping list" page-view="browse aisles" title=""><!--v-if--><div class="vector-icon-size--large"><svg xmlns="http://www.w3.org/2000/svg" class="vector-icon-color--dark-grey" aria-label="Shopping List Icon Add" viewBox="0 0 32 32" role="presentation" aria-hidden="true" focusable="false"><title lang="en">Shopping List Icon Add</title><desc></desc><g fill="" stroke=""><g><path d="M21.94066,15.3368884 L21.94066,12.8931995 C21.94066,12.3409148 22.3883752,11.8931995 22.94066,11.8931995 C23.4929447,11.8931995 23.94066,12.3409148 23.94066,12.8931995 L23.94066,15.3368884 L26.2522624,15.3368884 C26.8045471,15.3368884 27.2522624,15.7846037 27.2522624,16.3368884 C27.2522624,16.8891732 26.8045471,17.3368884 26.2522624,17.3368884 L23.94066,17.3368884 L23.94066,19.8787952 C23.94066,20.43108 23.4929447,20.8787952 22.94066,20.8787952 C22.3883752,20.8787952 21.94066,20.43108 21.94066,19.8787952 L21.94066,17.3368884 L19.2666667,17.3368884 C18.7143819,17.3368884 18.2666667,16.8891732 18.2666667,16.3368884 C18.2666667,15.7846037 18.7143819,15.3368884 19.2666667,15.3368884 L21.94066,15.3368884 Z M8,12 C7.44771525,12 7,11.5522847 7,11 C7,10.4477153 7.44771525,10 8,10 L19.1153581,10 C19.6676429,10 20.1153581,10.4477153 20.1153581,11 C20.1153581,11.5522847 19.6676429,12 19.1153581,12 L8,12 Z M8,17.3368884 C7.44771525,17.3368884 7,16.8891732 7,16.3368884 C7,15.7846037 7.44771525,15.3368884 8,15.3368884 L14.7200696,15.3368884 C15.2723543,15.3368884 15.7200696,15.7846037 15.7200696,16.3368884 C15.7200696,16.8891732 15.2723543,17.3368884 14.7200696,17.3368884 L8,17.3368884 Z M8,23 C7.44771525,23 7,22.5522847 7,22 C7,21.4477153 7.44771525,21 8,21 L19.1153581,21 C19.6676429,21 20.1153581,21.4477153 20.1153581,22 C20.1153581,22.5522847 19.6676429,23 19.1153581,23 L8,23 Z" fill="#000000" fill-rule="nonzero"></path></g></g></svg></div><div class="pdl-product-detail_list-tooltip"><p class="no-wrap">Sign in to add to shopping list</p><em></em></div></button></div></div></div><!--v-if--></li><!-- eslint-disable vuejs-accessibility/mouse-events-have-key-events --><li tabindex="-1" data-product-id="150491" class="tile product-cell product-grid-cell mb-0"><!--v-if--><!--v-if--><!--v-if--><div class="product-tile_content"><div class="flag_outer-container"><div class=""><svg xmlns="http://www.w3.org/2000/svg" class="w-20 ml-3" aria-label="Sale" viewBox="0 0 32 32" role="presentation" aria-hidden="true" focusable="false"><title lang="en">Sale</title><desc></desc><g fill="" stroke=""><g><path d="M16.56 19.87a3.81 3.81 0 0 1-1-.13l-13.39-3.5a1.5 1.5 0 0 1-1.12-1.34l-.81-11a1.52 1.52 0 0 1 1.39-1.61l27.69-2h.11a1.51 1.51 0 0 1 1.5 1.4l.82 11a1.52 1.52 0 0 1-.91 1.5l-12.72 5.36a3.79 3.79 0 0 1-1.56.32Z" fill="#ed1256"></path><path fill="#fff" d="M29.43.48a1.26 1.26 0 0 1 1.26 1.17l.82 11a1.27 1.27 0 0 1-.76 1.26L18 19.34a3.72 3.72 0 0 1-1.47.3 3.79 3.79 0 0 1-.94-.12L2.24 16a1.27 1.27 0 0 1-1-1.13l-.81-11a1.26 1.26 0 0 1 1.22-1.33L29.34.48h.09m0-.48h-.13L1.62 2A1.76 1.76 0 0 0 0 3.92l.82 11a1.73 1.73 0 0 0 1.3 1.55L15.5 20a4.3 4.3 0 0 0 1.07.14 4.24 4.24 0 0 0 1.65-.34l12.72-5.44A1.76 1.76 0 0 0 32 12.59l-.82-11A1.76 1.76 0 0 0 29.43 0Z"></path><path fill="#fff" d="M3.74 9.87a3 3 0 0 0 .82.55 2.21 2.21 0 0 0 1.08.19 1.6 1.6 0 0 0 .29 0 1 1 0 0 0 .26-.12.58.58 0 0 0 .18-.2.62.62 0 0 0 0-.31.59.59 0 0 0-.32-.49 3.38 3.38 0 0 0-.85-.34L4.84 9a4.19 4.19 0 0 1-.69-.26 2.44 2.44 0 0 1-.63-.41 1.92 1.92 0 0 1-.7-1.42 2.68 2.68 0 0 1 .1-1A2.2 2.2 0 0 1 3.39 5a2.42 2.42 0 0 1 .82-.6 3.15 3.15 0 0 1 1.17-.28 3.68 3.68 0 0 1 1.72.24 3 3 0 0 1 .57.29A2.66 2.66 0 0 1 8 5l-.82 1.37a4.42 4.42 0 0 0-.82-.45 2 2 0 0 0-.85-.13 1.4 1.4 0 0 0-.28.06A.9.9 0 0 0 5 6a.62.62 0 0 0-.16.2.5.5 0 0 0 0 .28.6.6 0 0 0 .1.31.68.68 0 0 0 .24.2 1.27 1.27 0 0 0 .35.15l.43.13.35.09a7.49 7.49 0 0 1 .69.22 2.2 2.2 0 0 1 .72.42 2.46 2.46 0 0 1 .54.68 2.31 2.31 0 0 1 .27 1 2.15 2.15 0 0 1-.15 1 2.53 2.53 0 0 1-.56.84 2.77 2.77 0 0 1-.88.59 4 4 0 0 1-1.11.27A4.67 4.67 0 0 1 4 12.25a3.79 3.79 0 0 1-1.28-.75ZM11.29 3.89l2.17-.16 3.1 7.7-2 .15L14 10l-2.39.18-.35 1.67-2 .14Zm2.15 4.6-1-2.84-.61 2.95ZM17 3.47l1.89-.14.44 6 3.3-.25.16 1.92-5.19.39ZM23.36 3l5.13-.38.13 1.8-3.24.24.09 1.22 2.66-.2.12 1.7-2.65.2.09 1.35 3.46-.26.13 1.81-5.34.4Z"></path></g></g></svg></div><!--v-if--><!--v-if--><!--v-if--><!--v-if--></div><a href="https://stopandshop.com/product/nathans-famous-bun-length-skinless-beef-franks-family-size-14-ct-28-oz-pkg/150491" aria-hidden="true" tabindex="-1"><div><!--v-if--><img src="data:image/svg+xml;base64,PD94bWwgdmVyc2lvbj0iMS4wIiBlbmNvZGluZz0idXRmLTgiPz4KPCEtLSBHZW5lcmF0ZWQgYnkgSWNvTW9vbi5pbyAtLT4KPCFET0NUWVBFIHN2ZyBQVUJMSUMgIi0vL1czQy8vRFREIFNWRyAxLjEvL0VOIiAiaHR0cDovL3d3dy53My5vcmcvR3JhcGhpY3MvU1ZHLzEuMS9EVEQvc3ZnMTEuZHRkIj4KPHN2ZyB2ZXJzaW9uPSIxLjEiIHhtbG5zPSJodHRwOi8vd3d3LnczLm9yZy8yMDAwL3N2ZyIgeG1sbnM6eGxpbms9Imh0dHA6Ly93d3cudzMub3JnLzE5OTkveGxpbmsiIHdpZHRoPSI0OCIgaGVpZ2h0PSI0OCIgdmlld0JveD0iMCAwIDQ4IDQ4Ij4KPGcgaWQ9Imljb21vb24taWdub3JlIj4KCTxsaW5lIHN0cm9rZS13aWR0aD0iMSIgeDE9IiIgeTE9IiIgeDI9IiIgeTI9IiIgc3Ryb2tlPSIjNDQ5RkRCIiBvcGFjaXR5PSIiPjwvbGluZT4KPC9nPgoJPHBhdGggZD0iTTM4LjQ4IDkuMDcwYzAuMjQ4IDAgMC40NSAwLjIwMiAwLjQ1IDAuNDV2MjguOTU5YzAgMC4yNDgtMC4yMDIgMC40NS0wLjQ1IDAuNDVoLTI4Ljk1OWMtMC4yNDggMC0wLjQ1LTAuMjAyLTAuNDUtMC40NXYtMjguOTU5YzAtMC4yNDggMC4yMDItMC40NSAwLjQ1LTAuNDVoMjguOTU5ek0zOC40OCA4aC0yOC45NTljLTAuODQgMC0xLjUyIDAuNjgxLTEuNTIgMS41MjF2MjguOTU5YzAgMC44NCAwLjY4MSAxLjUyMSAxLjUyIDEuNTIxaDI4Ljk1OWMwLjg0IDAgMS41Mi0wLjY4MSAxLjUyLTEuNTIxdi0yOC45NTljMC0wLjg0LTAuNjgxLTEuNTIxLTEuNTItMS41MjF2MHoiIG9wYWNpdHk9IjEiIHZpc2liaWxpdHk9ImZhbHNlIiBmaWxsPSIjZDdkN2Q3Ij48L3BhdGg+Cgk8cGF0aCBkPSJNMTIuMjI4IDM1LjIyNHYtMy4zMjljMC0wLjE0NSAwLjA1OC0wLjI4NSAwLjE2LTAuMzg4bDUuNTg3LTUuNTg3YzAuMjE0LTAuMjE0IDAuNTYxLTAuMjE0IDAuNzc1IDBsMi4xMTkgMi4xMTljMC4yMTQgMC4yMTQgMC41NjEgMC4yMTQgMC43NzUgMGw4LjE5MS04LjE5MmMwLjIxNC0wLjIxNCAwLjU2MS0wLjIxNCAwLjc3NSAwbDUgNWMwLjEwMyAwLjEwMyAwLjE2IDAuMjQyIDAuMTYgMC4zODh2OS45ODhjMCAwLjMwMy0wLjI0NSAwLjU0OC0wLjU0OCAwLjU0OGgtMjIuNDQ3Yy0wLjMwMyAwLTAuNTQ4LTAuMjQ1LTAuNTQ4LTAuNTQ4eiIgb3BhY2l0eT0iMSIgdmlzaWJpbGl0eT0iZmFsc2UiIGZpbGw9IiNkN2Q3ZDciPjwvcGF0aD4KCTxwYXRoIGQ9Ik0yMS41NDQgMTcuOTY3YzAgMS45ODItMS42MDYgMy41ODgtMy41ODggMy41ODhzLTMuNTg4LTEuNjA2LTMuNTg4LTMuNTg4YzAtMS45ODEgMS42MDYtMy41ODggMy41ODgtMy41ODhzMy41ODggMS42MDYgMy41ODggMy41ODh6IiBvcGFjaXR5PSIxIiB2aXNpYmlsaXR5PSJmYWxzZSIgZmlsbD0iI2Q3ZDdkNyI+PC9wYXRoPgo8L3N2Zz4K" alt="Nathan&#39;s Famous Bun Length Skinless Beef Franks Family Size - 14 ct 28 OZ PKG" class="product-grid-image object-contain product-grid-cell_main-image" skeleton-box-size="14rem"></div></a><div class="product-grid-cell_price-tag product-grid-cell_price-tag--full-tile"><div class="product-tile_detail"><div class="skeleton-loader_wrapper cursor-pointer"><!-- eslint-disable-next-line vuejs-accessibility/click-events-have-key-events --><div class="product-grid-cell_price-container product-grid-cell_price-container_column"><span class="sr-only">Nathan's Famous Bun Length Skinless Beef Franks Family Size - 14 ct</span><span class="product-grid-cell_main-price product-grid-cell_main-price--on-sale"><span class="sr-only"> Sale Price </span> $12.99</span><div class="product-grid-cell_was-container"><span class="product-grid-cell_regular-price mb-1 product-grid-cell_regular-price--small"><span class="sr-only"> Original Price </span> $15.99</span></div></div><!--v-if--></div><!--v-if--></div><button class="product-tile_detail-title"><div class="skeleton-loader_wrapper"><div class="product-grid-cell_name"><a id="product-name-150491-17497327348303223" class="product-grid-cell_name-text product-grid-cell_name-text--small product-grid-cell_name-text--clamp-2" href="https://stopandshop.com/product/nathans-famous-bun-length-skinless-beef-franks-family-size-14-ct-28-oz-pkg/150491" data-opens-modal="true" aria-haspopup="dialog"><!--v-if--> Nathan's Famous Bun Length Skinless Beef Franks Family Size - 14 ct</a></div><!--v-if--><!--v-if--></div><div class="skeleton-loader_wrapper"><!-- eslint-disable-next-line vuejs-accessibility/click-events-have-key-events --><div class="product-grid-cell_sizes"><span class="product-grid-cell_size">28 OZ PKG</span><span aria-hidden="true"> | </span><!--v-if--><span class="product-grid-cell_unit">$7.42 /LB</span></div><!--v-if--></div><!--v-if--></button><div class="product-grid-cell_promo-name"><!--v-if--><!--v-if--><!--v-if--><!--v-if--><!--v-if--></div><!--v-if--><!--v-if--><!--v-if--><!--v-if--><div class="margin-top--one"><!--v-if--><div class="pdl-add-to-cart" coupon-clipped="false"><div class="pdl-add-to-cart_button"><button class="button button--add-to-cart add-sale" aria-label="Add to cart" data-product-id="150491" data-price="12.99">Add to cart <!--v-if--></button><!--v-if--><!--v-if--><!-- Swap n Save --><!--v-if--></div><!--v-if--></div><!--v-if--><!--v-if--></div><!--v-if--></div></div><!-- MOBILE VIEW --><!--v-if--><!-- This is for xxsmall devices --><div class="mobile-product-list-cell_bottom m-4 hidden"><div class="mobile-product-list-cell_bottom_cart-ui-wrapper"><!--v-if--><div class="pdl-add-to-cart" coupon-clipped="false"><div class="pdl-add-to-cart_button"><button class="button button--add-to-cart add-sale" aria-label="Add to cart" data-product-id="150491" data-price="12.99">Add to cart <!--v-if--></button><!--v-if--><!--v-if--><!-- Swap n Save --><!--v-if--></div><!--v-if--></div><!--v-if--><!--v-if--></div><!--v-if--></div><div class="product-tile_action-items" is-typeahead="false"><!--v-if--><!--v-if--><div class="shopping-list-menu_container"><div class="relative-el"><button class="button pdl-product-detail_top-icon button--fourth pdl-product-detail_top-icon--borderless" aria-label="add to shopping list" page-view="browse aisles" title=""><!--v-if--><div class="vector-icon-size--large"><svg xmlns="http://www.w3.org/2000/svg" class="vector-icon-color--dark-grey" aria-label="Shopping List Icon Add" viewBox="0 0 32 32" role="presentation" aria-hidden="true" focusable="false"><title lang="en">Shopping List Icon Add</title><desc></desc><g fill="" stroke=""><g><path d="M21.94066,15.3368884 L21.94066,12.8931995 C21.94066,12.3409148 22.3883752,11.8931995 22.94066,11.8931995 C23.4929447,11.8931995 23.94066,12.3409148 23.94066,12.8931995 L23.94066,15.3368884 L26.2522624,15.3368884 C26.8045471,15.3368884 27.2522624,15.7846037 27.2522624,16.3368884 C27.2522624,16.8891732 26.8045471,17.3368884 26.2522624,17.3368884 L23.94066,17.3368884 L23.94066,19.8787952 C23.94066,20.43108 23.4929447,20.8787952 22.94066,20.8787952 C22.3883752,20.8787952 21.94066,20.43108 21.94066,19.8787952 L21.94066,17.3368884 L19.2666667,17.3368884 C18.7143819,17.3368884 18.2666667,16.8891732 18.2666667,16.3368884 C18.2666667,15.7846037 18.7143819,15.3368884 19.2666667,15.3368884 L21.94066,15.3368884 Z M8,12 C7.44771525,12 7,11.5522847 7,11 C7,10.4477153 7.44771525,10 8,10 L19.1153581,10 C19.6676429,10 20.1153581,10.4477153 20.1153581,11 C20.1153581,11.5522847 19.6676429,12 19.1153581,12 L8,12 Z M8,17.3368884 C7.44771525,17.3368884 7,16.8891732 7,16.3368884 C7,15.7846037 7.44771525,15.3368884 8,15.3368884 L14.7200696,15.3368884 C15.2723543,15.3368884 15.7200696,15.7846037 15.7200696,16.3368884 C15.7200696,16.8891732 15.2723543,17.3368884 14.7200696,17.3368884 L8,17.3368884 Z M8,23 C7.44771525,23 7,22.5522847 7,22 C7,21.4477153 7.44771525,21 8,21 L19.1153581,21 C19.6676429,21 20.1153581,21.4477153 20.1153581,22 C20.1153581,22.5522847 19.6676429,23 19.1153581,23 L8,23 Z" fill="#000000" fill-rule="nonzero"></path></g></g></svg></div><div class="pdl-product-detail_list-tooltip"><p class="no-wrap">Sign in to add to shopping list</p><em></em></div></button></div></div></div><!--v-if--></li><!-- eslint-disable vuejs-accessibility/mouse-events-have-key-events --><li tabindex="-1" data-product-id="218913" class="tile product-cell product-grid-cell mb-0"><!--v-if--><!--v-if--><!--v-if--><div class="product-tile_content"><!--v-if--><a href="https://stopandshop.com/product/natures-promise-organic-grass-fed-uncured-beef-hot-dogs-8-ct-14-oz-pkg/218913" aria-hidden="true" tabindex="-1"><div><!--v-if--><img src="data:image/svg+xml;base64,PD94bWwgdmVyc2lvbj0iMS4wIiBlbmNvZGluZz0idXRmLTgiPz4KPCEtLSBHZW5lcmF0ZWQgYnkgSWNvTW9vbi5pbyAtLT4KPCFET0NUWVBFIHN2ZyBQVUJMSUMgIi0vL1czQy8vRFREIFNWRyAxLjEvL0VOIiAiaHR0cDovL3d3dy53My5vcmcvR3JhcGhpY3MvU1ZHLzEuMS9EVEQvc3ZnMTEuZHRkIj4KPHN2ZyB2ZXJzaW9uPSIxLjEiIHhtbG5zPSJodHRwOi8vd3d3LnczLm9yZy8yMDAwL3N2ZyIgeG1sbnM6eGxpbms9Imh0dHA6Ly93d3cudzMub3JnLzE5OTkveGxpbmsiIHdpZHRoPSI0OCIgaGVpZ2h0PSI0OCIgdmlld0JveD0iMCAwIDQ4IDQ4Ij4KPGcgaWQ9Imljb21vb24taWdub3JlIj4KCTxsaW5lIHN0cm9rZS13aWR0aD0iMSIgeDE9IiIgeTE9IiIgeDI9IiIgeTI9IiIgc3Ryb2tlPSIjNDQ5RkRCIiBvcGFjaXR5PSIiPjwvbGluZT4KPC9nPgoJPHBhdGggZD0iTTM4LjQ4IDkuMDcwYzAuMjQ4IDAgMC40NSAwLjIwMiAwLjQ1IDAuNDV2MjguOTU5YzAgMC4yNDgtMC4yMDIgMC40NS0wLjQ1IDAuNDVoLTI4Ljk1OWMtMC4yNDggMC0wLjQ1LTAuMjAyLTAuNDUtMC40NXYtMjguOTU5YzAtMC4yNDggMC4yMDItMC40NSAwLjQ1LTAuNDVoMjguOTU5ek0zOC40OCA4aC0yOC45NTljLTAuODQgMC0xLjUyIDAuNjgxLTEuNTIgMS41MjF2MjguOTU5YzAgMC44NCAwLjY4MSAxLjUyMSAxLjUyIDEuNTIxaDI4Ljk1OWMwLjg0IDAgMS41Mi0wLjY4MSAxLjUyLTEuNTIxdi0yOC45NTljMC0wLjg0LTAuNjgxLTEuNTIxLTEuNTItMS41MjF2MHoiIG9wYWNpdHk9IjEiIHZpc2liaWxpdHk9ImZhbHNlIiBmaWxsPSIjZDdkN2Q3Ij48L3BhdGg+Cgk8cGF0aCBkPSJNMTIuMjI4IDM1LjIyNHYtMy4zMjljMC0wLjE0NSAwLjA1OC0wLjI4NSAwLjE2LTAuMzg4bDUuNTg3LTUuNTg3YzAuMjE0LTAuMjE0IDAuNTYxLTAuMjE0IDAuNzc1IDBsMi4xMTkgMi4xMTljMC4yMTQgMC4yMTQgMC41NjEgMC4yMTQgMC43NzUgMGw4LjE5MS04LjE5MmMwLjIxNC0wLjIxNCAwLjU2MS0wLjIxNCAwLjc3NSAwbDUgNWMwLjEwMyAwLjEwMyAwLjE2IDAuMjQyIDAuMTYgMC4zODh2OS45ODhjMCAwLjMwMy0wLjI0NSAwLjU0OC0wLjU0OCAwLjU0OGgtMjIuNDQ3Yy0wLjMwMyAwLTAuNTQ4LTAuMjQ1LTAuNTQ4LTAuNTQ4eiIgb3BhY2l0eT0iMSIgdmlzaWJpbGl0eT0iZmFsc2UiIGZpbGw9IiNkN2Q3ZDciPjwvcGF0aD4KCTxwYXRoIGQ9Ik0yMS41NDQgMTcuOTY3YzAgMS45ODItMS42MDYgMy41ODgtMy41ODggMy41ODhzLTMuNTg4LTEuNjA2LTMuNTg4LTMuNTg4YzAtMS45ODEgMS42MDYtMy41ODggMy41ODgtMy41ODhzMy41ODggMS42MDYgMy41ODggMy41ODh6IiBvcGFjaXR5PSIxIiB2aXNpYmlsaXR5PSJmYWxzZSIgZmlsbD0iI2Q3ZDdkNyI+PC9wYXRoPgo8L3N2Zz4K" alt="Nature&#39;s Promise Organic Grass-fed Uncured Beef Hot Dogs - 8 ct 14 OZ PKG" class="product-grid-image object-contain product-grid-cell_main-image" skeleton-box-size="14rem"></div></a><div class="product-grid-cell_price-tag product-grid-cell_price-tag--full-tile"><div class="product-tile_detail"><div class="skeleton-loader_wrapper cursor-pointer"><!-- eslint-disable-next-line vuejs-accessibility/click-events-have-key-events --><div class="product-grid-cell_price-container"><span class="sr-only">Nature's Promise Organic Grass-fed Uncured Beef Hot Dogs - 8 ct</span><span class="product-grid-cell_main-price"><!--v-if--> $8.79</span><!--v-if--></div><!--v-if--></div><!--v-if--></div><button class="product-tile_detail-title"><div class="skeleton-loader_wrapper"><div class="product-grid-cell_name"><a id="product-name-218913-17497327348310509" class="product-grid-cell_name-text product-grid-cell_name-text--small product-grid-cell_name-text--clamp-2" href="https://stopandshop.com/product/natures-promise-organic-grass-fed-uncured-beef-hot-dogs-8-ct-14-oz-pkg/218913" data-opens-modal="true" aria-haspopup="dialog"><span class="vector-icon_inline-text--left mr-0"><div class="vector-icon-size--xsmall"><svg xmlns="http://www.w3.org/2000/svg" class="" aria-label="Ahold Icon" viewBox="0 0 1024 945" role="presentation" aria-hidden="true" focusable="false"><title lang="en">Ahold Icon</title><desc></desc><g fill="" stroke=""><g><path d="M1.893 730.617c-1.289-2.094-2.052-4.631-2.052-7.346 0-.747.058-1.481.169-2.197.158-12.396 10.227-22.466 22.687-22.634h895.306c12.476.168 22.545 10.237 22.713 22.698-.521 3.721-1.182 6.924-2.024 10.053l.131-.574c-86.363 175.072-263.598 293.385-468.466 293.385S88.254 905.689 3.252 733.663l-1.361-3.046z" class="path1" fill="#F7A800"></path><path d="M107.889 132.495c1.893-1.893 1.893-3.786 3.786-5.678 2.98-3.491 7.385-5.69 12.303-5.69s9.323 2.199 12.284 5.668l.019.022L613.264 603.8c3.491 2.98 5.69 7.385 5.69 12.303s-2.199 9.323-5.668 12.284c-1.399 1.869-3.361 3.216-5.631 3.789l-.069.015c-38.446 13.732-82.796 21.669-129.001 21.669-108.416 0-206.626-43.699-277.977-114.443C130.241 467.591 86.799 369.1 86.799 260.462c0-45.803 7.722-89.803 21.936-130.767l-.845 2.8z" class="path2" fill="#E2231A"></path><path d="M600.015 1.893a6.922 6.922 0 0 1 5.713-1.889c.057-.006.164-.007.272-.007 7.15 0 12.947 5.796 12.947 12.947 0 .108-.001.215-.004.322v-.016 503.482c.002.091.004.199.004.306 0 7.15-5.796 12.947-12.947 12.947-.108 0-.215-.001-.322-.004a6.925 6.925 0 0 1-5.665-1.895l.002.002c-98.273-48.542-164.673-148.065-164.673-263.098S501.743 50.434 598.306 2.657l1.709-.765z" class="path3" fill="#712177"></path><path d="M938.824 283.919c1.893 0 1.893 1.893 3.786 1.893 1.765 2.012 2.841 4.666 2.841 7.571s-1.077 5.559-2.853 7.584l.011-.013-268.776 266.884c-2.012 1.765-4.666 2.841-7.571 2.841s-5.559-1.077-7.584-2.853a3.774 3.774 0 0 1-1.877-3.793l-.002.019c-7.681-21.529-12.12-46.363-12.12-72.235 0-61.263 24.891-116.712 65.111-156.786 39.326-39.792 93.895-64.431 154.219-64.431 26.857 0 52.573 4.884 76.309 13.812l-1.494-.493z" class="path4" fill="#82BC00"></path></g></g></svg></div></span> Nature's Promise Organic Grass-fed Uncured Beef Hot Dogs - 8 ct</a></div><!--v-if--><!--v-if--></div><div class="skeleton-loader_wrapper"><!-- eslint-disable-next-line vuejs-accessibility/click-events-have-key-events --><div class="product-grid-cell_sizes"><span class="product-grid-cell_size">14 OZ PKG</span><span aria-hidden="true"> | </span><!--v-if--><span class="product-grid-cell_unit">$9.99 /LB</span></div><!--v-if--></div><!--v-if--></button><div class="product-grid-cell_promo-name"><!--v-if--><!--v-if--><!--v-if--><!--v-if--><!--v-if--></div><!--v-if--><!--v-if--><!--v-if--><!--v-if--><div class="margin-top--one"><!--v-if--><div class="pdl-add-to-cart" coupon-clipped="false"><div class="pdl-add-to-cart_button"><button class="button button--add-to-cart" aria-label="Add to cart" data-product-id="218913" data-price="8.79">Add to cart <!--v-if--></button><!--v-if--><!--v-if--><!-- Swap n Save --><!--v-if--></div><!--v-if--></div><!--v-if--><!--v-if--></div><!--v-if--></div></div><!-- MOBILE VIEW --><!--v-if--><!-- This is for xxsmall devices --><div class="mobile-product-list-cell_bottom m-4 hidden"><div class="mobile-product-list-cell_bottom_cart-ui-wrapper"><!--v-if--><div class="pdl-add-to-cart" coupon-clipped="false"><div class="pdl-add-to-cart_button"><button class="button button--add-to-cart" aria-label="Add to cart" data-product-id="218913" data-price="8.79">Add to cart <!--v-if--></button><!--v-if--><!--v-if--><!-- Swap n Save --><!--v-if--></div><!--v-if--></div><!--v-if--><!--v-if--></div><!--v-if--></div><div class="product-tile_action-items" is-typeahead="false"><!--v-if--><!--v-if--><div class="shopping-list-menu_container"><div class="relative-el"><button class="button pdl-product-detail_top-icon button--fourth pdl-product-detail_top-icon--borderless" aria-label="add to shopping list" page-view="browse aisles" title=""><!--v-if--><div class="vector-icon-size--large"><svg xmlns="http://www.w3.org/2000/svg" class="vector-icon-color--dark-grey" aria-label="Shopping List Icon Add" viewBox="0 0 32 32" role="presentation" aria-hidden="true" focusable="false"><title lang="en">Shopping List Icon Add</title><desc></desc><g fill="" stroke=""><g><path d="M21.94066,15.3368884 L21.94066,12.8931995 C21.94066,12.3409148 22.3883752,11.8931995 22.94066,11.8931995 C23.4929447,11.8931995 23.94066,12.3409148 23.94066,12.8931995 L23.94066,15.3368884 L26.2522624,15.3368884 C26.8045471,15.3368884 27.2522624,15.7846037 27.2522624,16.3368884 C27.2522624,16.8891732 26.8045471,17.3368884 26.2522624,17.3368884 L23.94066,17.3368884 L23.94066,19.8787952 C23.94066,20.43108 23.4929447,20.8787952 22.94066,20.8787952 C22.3883752,20.8787952 21.94066,20.43108 21.94066,19.8787952 L21.94066,17.3368884 L19.2666667,17.3368884 C18.7143819,17.3368884 18.2666667,16.8891732 18.2666667,16.3368884 C18.2666667,15.7846037 18.7143819,15.3368884 19.2666667,15.3368884 L21.94066,15.3368884 Z M8,12 C7.44771525,12 7,11.5522847 7,11 C7,10.4477153 7.44771525,10 8,10 L19.1153581,10 C19.6676429,10 20.1153581,10.4477153 20.1153581,11 C20.1153581,11.5522847 19.6676429,12 19.1153581,12 L8,12 Z M8,17.3368884 C7.44771525,17.3368884 7,16.8891732 7,16.3368884 C7,15.7846037 7.44771525,15.3368884 8,15.3368884 L14.7200696,15.3368884 C15.2723543,15.3368884 15.7200696,15.7846037 15.7200696,16.3368884 C15.7200696,16.8891732 15.2723543,17.3368884 14.7200696,17.3368884 L8,17.3368884 Z M8,23 C7.44771525,23 7,22.5522847 7,22 C7,21.4477153 7.44771525,21 8,21 L19.1153581,21 C19.6676429,21 20.1153581,21.4477153 20.1153581,22 C20.1153581,22.5522847 19.6676429,23 19.1153581,23 L8,23 Z" fill="#000000" fill-rule="nonzero"></path></g></g></svg></div><div class="pdl-product-detail_list-tooltip"><p class="no-wrap">Sign in to add to shopping list</p><em></em></div></button></div></div></div><!--v-if--></li><!--v-if--></ul><!--v-if--><!--v-if--><!--v-if--><!--v-if--></div><div tabindex="-1" class="pdl-carousel_item zone-block_carousel-item" style="height: auto; width: 697px;"><ul class="product-list product-list-triple pt-0 pdl-carousel_content" islastslide="false" itemcountpriorslide="[object Object]" index="11" style="height: auto;"><!-- eslint-disable vuejs-accessibility/mouse-events-have-key-events --><li tabindex="-1" data-product-id="190246" class="tile product-cell product-grid-cell mb-0"><!--v-if--><!--v-if--><!--v-if--><div class="product-tile_content"><!--v-if--><a href="https://stopandshop.com/product/nathans-famous-angus-beef-franks-6-ct-11-oz-pkg/190246" aria-hidden="true" tabindex="-1"><div><!--v-if--><img src="data:image/svg+xml;base64,PD94bWwgdmVyc2lvbj0iMS4wIiBlbmNvZGluZz0idXRmLTgiPz4KPCEtLSBHZW5lcmF0ZWQgYnkgSWNvTW9vbi5pbyAtLT4KPCFET0NUWVBFIHN2ZyBQVUJMSUMgIi0vL1czQy8vRFREIFNWRyAxLjEvL0VOIiAiaHR0cDovL3d3dy53My5vcmcvR3JhcGhpY3MvU1ZHLzEuMS9EVEQvc3ZnMTEuZHRkIj4KPHN2ZyB2ZXJzaW9uPSIxLjEiIHhtbG5zPSJodHRwOi8vd3d3LnczLm9yZy8yMDAwL3N2ZyIgeG1sbnM6eGxpbms9Imh0dHA6Ly93d3cudzMub3JnLzE5OTkveGxpbmsiIHdpZHRoPSI0OCIgaGVpZ2h0PSI0OCIgdmlld0JveD0iMCAwIDQ4IDQ4Ij4KPGcgaWQ9Imljb21vb24taWdub3JlIj4KCTxsaW5lIHN0cm9rZS13aWR0aD0iMSIgeDE9IiIgeTE9IiIgeDI9IiIgeTI9IiIgc3Ryb2tlPSIjNDQ5RkRCIiBvcGFjaXR5PSIiPjwvbGluZT4KPC9nPgoJPHBhdGggZD0iTTM4LjQ4IDkuMDcwYzAuMjQ4IDAgMC40NSAwLjIwMiAwLjQ1IDAuNDV2MjguOTU5YzAgMC4yNDgtMC4yMDIgMC40NS0wLjQ1IDAuNDVoLTI4Ljk1OWMtMC4yNDggMC0wLjQ1LTAuMjAyLTAuNDUtMC40NXYtMjguOTU5YzAtMC4yNDggMC4yMDItMC40NSAwLjQ1LTAuNDVoMjguOTU5ek0zOC40OCA4aC0yOC45NTljLTAuODQgMC0xLjUyIDAuNjgxLTEuNTIgMS41MjF2MjguOTU5YzAgMC44NCAwLjY4MSAxLjUyMSAxLjUyIDEuNTIxaDI4Ljk1OWMwLjg0IDAgMS41Mi0wLjY4MSAxLjUyLTEuNTIxdi0yOC45NTljMC0wLjg0LTAuNjgxLTEuNTIxLTEuNTItMS41MjF2MHoiIG9wYWNpdHk9IjEiIHZpc2liaWxpdHk9ImZhbHNlIiBmaWxsPSIjZDdkN2Q3Ij48L3BhdGg+Cgk8cGF0aCBkPSJNMTIuMjI4IDM1LjIyNHYtMy4zMjljMC0wLjE0NSAwLjA1OC0wLjI4NSAwLjE2LTAuMzg4bDUuNTg3LTUuNTg3YzAuMjE0LTAuMjE0IDAuNTYxLTAuMjE0IDAuNzc1IDBsMi4xMTkgMi4xMTljMC4yMTQgMC4yMTQgMC41NjEgMC4yMTQgMC43NzUgMGw4LjE5MS04LjE5MmMwLjIxNC0wLjIxNCAwLjU2MS0wLjIxNCAwLjc3NSAwbDUgNWMwLjEwMyAwLjEwMyAwLjE2IDAuMjQyIDAuMTYgMC4zODh2OS45ODhjMCAwLjMwMy0wLjI0NSAwLjU0OC0wLjU0OCAwLjU0OGgtMjIuNDQ3Yy0wLjMwMyAwLTAuNTQ4LTAuMjQ1LTAuNTQ4LTAuNTQ4eiIgb3BhY2l0eT0iMSIgdmlzaWJpbGl0eT0iZmFsc2UiIGZpbGw9IiNkN2Q3ZDciPjwvcGF0aD4KCTxwYXRoIGQ9Ik0yMS41NDQgMTcuOTY3YzAgMS45ODItMS42MDYgMy41ODgtMy41ODggMy41ODhzLTMuNTg4LTEuNjA2LTMuNTg4LTMuNTg4YzAtMS45ODEgMS42MDYtMy41ODggMy41ODgtMy41ODhzMy41ODggMS42MDYgMy41ODggMy41ODh6IiBvcGFjaXR5PSIxIiB2aXNpYmlsaXR5PSJmYWxzZSIgZmlsbD0iI2Q3ZDdkNyI+PC9wYXRoPgo8L3N2Zz4K" alt="Nathan&#39;s Famous Angus Beef Franks - 6 ct 11 OZ PKG" class="product-grid-image object-contain product-grid-cell_main-image" skeleton-box-size="14rem"></div></a><div class="product-grid-cell_price-tag product-grid-cell_price-tag--full-tile"><div class="product-tile_detail"><div class="skeleton-loader_wrapper cursor-pointer"><!-- eslint-disable-next-line vuejs-accessibility/click-events-have-key-events --><div class="product-grid-cell_price-container"><span class="sr-only">Nathan's Famous Angus Beef Franks - 6 ct</span><span class="product-grid-cell_main-price"><!--v-if--> $7.99</span><!--v-if--></div><!--v-if--></div><!--v-if--></div><button class="product-tile_detail-title"><div class="skeleton-loader_wrapper"><div class="product-grid-cell_name"><a id="product-name-190246-17497327348321179" class="product-grid-cell_name-text product-grid-cell_name-text--small product-grid-cell_name-text--clamp-2" href="https://stopandshop.com/product/nathans-famous-angus-beef-franks-6-ct-11-oz-pkg/190246" data-opens-modal="true" aria-haspopup="dialog"><!--v-if--> Nathan's Famous Angus Beef Franks - 6 ct</a></div><!--v-if--><!--v-if--></div><div class="skeleton-loader_wrapper"><!-- eslint-disable-next-line vuejs-accessibility/click-events-have-key-events --><div class="product-grid-cell_sizes"><span class="product-grid-cell_size">11 OZ PKG</span><span aria-hidden="true"> | </span><!--v-if--><span class="product-grid-cell_unit">$11.58 /LB</span></div><!--v-if--></div><!--v-if--></button><div class="product-grid-cell_promo-name"><!--v-if--><!--v-if--><!--v-if--><!--v-if--><!--v-if--></div><!--v-if--><!--v-if--><!--v-if--><!--v-if--><div class="margin-top--one"><!--v-if--><div class="pdl-add-to-cart" coupon-clipped="false"><div class="pdl-add-to-cart_button"><button class="button button--add-to-cart" aria-label="Add to cart" data-product-id="190246" data-price="7.99">Add to cart <!--v-if--></button><!--v-if--><!--v-if--><!-- Swap n Save --><!--v-if--></div><!--v-if--></div><!--v-if--><!--v-if--></div><!--v-if--></div></div><!-- MOBILE VIEW --><!--v-if--><!-- This is for xxsmall devices --><div class="mobile-product-list-cell_bottom m-4 hidden"><div class="mobile-product-list-cell_bottom_cart-ui-wrapper"><!--v-if--><div class="pdl-add-to-cart" coupon-clipped="false"><div class="pdl-add-to-cart_button"><button class="button button--add-to-cart" aria-label="Add to cart" data-product-id="190246" data-price="7.99">Add to cart <!--v-if--></button><!--v-if--><!--v-if--><!-- Swap n Save --><!--v-if--></div><!--v-if--></div><!--v-if--><!--v-if--></div><!--v-if--></div><div class="product-tile_action-items" is-typeahead="false"><!--v-if--><!--v-if--><div class="shopping-list-menu_container"><div class="relative-el"><button class="button pdl-product-detail_top-icon button--fourth pdl-product-detail_top-icon--borderless" aria-label="add to shopping list" page-view="browse aisles" title=""><!--v-if--><div class="vector-icon-size--large"><svg xmlns="http://www.w3.org/2000/svg" class="vector-icon-color--dark-grey" aria-label="Shopping List Icon Add" viewBox="0 0 32 32" role="presentation" aria-hidden="true" focusable="false"><title lang="en">Shopping List Icon Add</title><desc></desc><g fill="" stroke=""><g><path d="M21.94066,15.3368884 L21.94066,12.8931995 C21.94066,12.3409148 22.3883752,11.8931995 22.94066,11.8931995 C23.4929447,11.8931995 23.94066,12.3409148 23.94066,12.8931995 L23.94066,15.3368884 L26.2522624,15.3368884 C26.8045471,15.3368884 27.2522624,15.7846037 27.2522624,16.3368884 C27.2522624,16.8891732 26.8045471,17.3368884 26.2522624,17.3368884 L23.94066,17.3368884 L23.94066,19.8787952 C23.94066,20.43108 23.4929447,20.8787952 22.94066,20.8787952 C22.3883752,20.8787952 21.94066,20.43108 21.94066,19.8787952 L21.94066,17.3368884 L19.2666667,17.3368884 C18.7143819,17.3368884 18.2666667,16.8891732 18.2666667,16.3368884 C18.2666667,15.7846037 18.7143819,15.3368884 19.2666667,15.3368884 L21.94066,15.3368884 Z M8,12 C7.44771525,12 7,11.5522847 7,11 C7,10.4477153 7.44771525,10 8,10 L19.1153581,10 C19.6676429,10 20.1153581,10.4477153 20.1153581,11 C20.1153581,11.5522847 19.6676429,12 19.1153581,12 L8,12 Z M8,17.3368884 C7.44771525,17.3368884 7,16.8891732 7,16.3368884 C7,15.7846037 7.44771525,15.3368884 8,15.3368884 L14.7200696,15.3368884 C15.2723543,15.3368884 15.7200696,15.7846037 15.7200696,16.3368884 C15.7200696,16.8891732 15.2723543,17.3368884 14.7200696,17.3368884 L8,17.3368884 Z M8,23 C7.44771525,23 7,22.5522847 7,22 C7,21.4477153 7.44771525,21 8,21 L19.1153581,21 C19.6676429,21 20.1153581,21.4477153 20.1153581,22 C20.1153581,22.5522847 19.6676429,23 19.1153581,23 L8,23 Z" fill="#000000" fill-rule="nonzero"></path></g></g></svg></div><div class="pdl-product-detail_list-tooltip"><p class="no-wrap">Sign in to add to shopping list</p><em></em></div></button></div></div></div><!--v-if--></li><!-- eslint-disable vuejs-accessibility/mouse-events-have-key-events --><li tabindex="-1" data-product-id="208819" class="tile product-cell product-grid-cell mb-0"><!--v-if--><!--v-if--><!--v-if--><div class="product-tile_content"><!--v-if--><a href="https://stopandshop.com/product/stop-shop-natural-80-lean-20-fat-ground-beef-patties-16-ct-frozen-4-lb-box/208819" aria-hidden="true" tabindex="-1"><div><!--v-if--><img src="data:image/svg+xml;base64,PD94bWwgdmVyc2lvbj0iMS4wIiBlbmNvZGluZz0idXRmLTgiPz4KPCEtLSBHZW5lcmF0ZWQgYnkgSWNvTW9vbi5pbyAtLT4KPCFET0NUWVBFIHN2ZyBQVUJMSUMgIi0vL1czQy8vRFREIFNWRyAxLjEvL0VOIiAiaHR0cDovL3d3dy53My5vcmcvR3JhcGhpY3MvU1ZHLzEuMS9EVEQvc3ZnMTEuZHRkIj4KPHN2ZyB2ZXJzaW9uPSIxLjEiIHhtbG5zPSJodHRwOi8vd3d3LnczLm9yZy8yMDAwL3N2ZyIgeG1sbnM6eGxpbms9Imh0dHA6Ly93d3cudzMub3JnLzE5OTkveGxpbmsiIHdpZHRoPSI0OCIgaGVpZ2h0PSI0OCIgdmlld0JveD0iMCAwIDQ4IDQ4Ij4KPGcgaWQ9Imljb21vb24taWdub3JlIj4KCTxsaW5lIHN0cm9rZS13aWR0aD0iMSIgeDE9IiIgeTE9IiIgeDI9IiIgeTI9IiIgc3Ryb2tlPSIjNDQ5RkRCIiBvcGFjaXR5PSIiPjwvbGluZT4KPC9nPgoJPHBhdGggZD0iTTM4LjQ4IDkuMDcwYzAuMjQ4IDAgMC40NSAwLjIwMiAwLjQ1IDAuNDV2MjguOTU5YzAgMC4yNDgtMC4yMDIgMC40NS0wLjQ1IDAuNDVoLTI4Ljk1OWMtMC4yNDggMC0wLjQ1LTAuMjAyLTAuNDUtMC40NXYtMjguOTU5YzAtMC4yNDggMC4yMDItMC40NSAwLjQ1LTAuNDVoMjguOTU5ek0zOC40OCA4aC0yOC45NTljLTAuODQgMC0xLjUyIDAuNjgxLTEuNTIgMS41MjF2MjguOTU5YzAgMC44NCAwLjY4MSAxLjUyMSAxLjUyIDEuNTIxaDI4Ljk1OWMwLjg0IDAgMS41Mi0wLjY4MSAxLjUyLTEuNTIxdi0yOC45NTljMC0wLjg0LTAuNjgxLTEuNTIxLTEuNTItMS41MjF2MHoiIG9wYWNpdHk9IjEiIHZpc2liaWxpdHk9ImZhbHNlIiBmaWxsPSIjZDdkN2Q3Ij48L3BhdGg+Cgk8cGF0aCBkPSJNMTIuMjI4IDM1LjIyNHYtMy4zMjljMC0wLjE0NSAwLjA1OC0wLjI4NSAwLjE2LTAuMzg4bDUuNTg3LTUuNTg3YzAuMjE0LTAuMjE0IDAuNTYxLTAuMjE0IDAuNzc1IDBsMi4xMTkgMi4xMTljMC4yMTQgMC4yMTQgMC41NjEgMC4yMTQgMC43NzUgMGw4LjE5MS04LjE5MmMwLjIxNC0wLjIxNCAwLjU2MS0wLjIxNCAwLjc3NSAwbDUgNWMwLjEwMyAwLjEwMyAwLjE2IDAuMjQyIDAuMTYgMC4zODh2OS45ODhjMCAwLjMwMy0wLjI0NSAwLjU0OC0wLjU0OCAwLjU0OGgtMjIuNDQ3Yy0wLjMwMyAwLTAuNTQ4LTAuMjQ1LTAuNTQ4LTAuNTQ4eiIgb3BhY2l0eT0iMSIgdmlzaWJpbGl0eT0iZmFsc2UiIGZpbGw9IiNkN2Q3ZDciPjwvcGF0aD4KCTxwYXRoIGQ9Ik0yMS41NDQgMTcuOTY3YzAgMS45ODItMS42MDYgMy41ODgtMy41ODggMy41ODhzLTMuNTg4LTEuNjA2LTMuNTg4LTMuNTg4YzAtMS45ODEgMS42MDYtMy41ODggMy41ODgtMy41ODhzMy41ODggMS42MDYgMy41ODggMy41ODh6IiBvcGFjaXR5PSIxIiB2aXNpYmlsaXR5PSJmYWxzZSIgZmlsbD0iI2Q3ZDdkNyI+PC9wYXRoPgo8L3N2Zz4K" alt="Stop &amp; Shop Natural 80% Lean 20% Fat Ground Beef Patties - 16 ct Frozen 4 LB BOX" class="product-grid-image object-contain product-grid-cell_main-image" skeleton-box-size="14rem"></div></a><div class="product-grid-cell_price-tag product-grid-cell_price-tag--full-tile"><div class="product-tile_detail"><div class="skeleton-loader_wrapper cursor-pointer"><!-- eslint-disable-next-line vuejs-accessibility/click-events-have-key-events --><div class="product-grid-cell_price-container"><span class="sr-only">Stop &amp; Shop Natural 80% Lean 20% Fat Ground Beef Patties - 16 ct Frozen</span><span class="product-grid-cell_main-price"><!--v-if--> $18.99</span><!--v-if--></div><!--v-if--></div><!--v-if--></div><button class="product-tile_detail-title"><div class="skeleton-loader_wrapper"><div class="product-grid-cell_name"><a id="product-name-208819-17497327348334837" class="product-grid-cell_name-text product-grid-cell_name-text--small product-grid-cell_name-text--clamp-2" href="https://stopandshop.com/product/stop-shop-natural-80-lean-20-fat-ground-beef-patties-16-ct-frozen-4-lb-box/208819" data-opens-modal="true" aria-haspopup="dialog"><span class="vector-icon_inline-text--left mr-0"><div class="vector-icon-size--xsmall"><svg xmlns="http://www.w3.org/2000/svg" class="" aria-label="Ahold Icon" viewBox="0 0 1024 945" role="presentation" aria-hidden="true" focusable="false"><title lang="en">Ahold Icon</title><desc></desc><g fill="" stroke=""><g><path d="M1.893 730.617c-1.289-2.094-2.052-4.631-2.052-7.346 0-.747.058-1.481.169-2.197.158-12.396 10.227-22.466 22.687-22.634h895.306c12.476.168 22.545 10.237 22.713 22.698-.521 3.721-1.182 6.924-2.024 10.053l.131-.574c-86.363 175.072-263.598 293.385-468.466 293.385S88.254 905.689 3.252 733.663l-1.361-3.046z" class="path1" fill="#F7A800"></path><path d="M107.889 132.495c1.893-1.893 1.893-3.786 3.786-5.678 2.98-3.491 7.385-5.69 12.303-5.69s9.323 2.199 12.284 5.668l.019.022L613.264 603.8c3.491 2.98 5.69 7.385 5.69 12.303s-2.199 9.323-5.668 12.284c-1.399 1.869-3.361 3.216-5.631 3.789l-.069.015c-38.446 13.732-82.796 21.669-129.001 21.669-108.416 0-206.626-43.699-277.977-114.443C130.241 467.591 86.799 369.1 86.799 260.462c0-45.803 7.722-89.803 21.936-130.767l-.845 2.8z" class="path2" fill="#E2231A"></path><path d="M600.015 1.893a6.922 6.922 0 0 1 5.713-1.889c.057-.006.164-.007.272-.007 7.15 0 12.947 5.796 12.947 12.947 0 .108-.001.215-.004.322v-.016 503.482c.002.091.004.199.004.306 0 7.15-5.796 12.947-12.947 12.947-.108 0-.215-.001-.322-.004a6.925 6.925 0 0 1-5.665-1.895l.002.002c-98.273-48.542-164.673-148.065-164.673-263.098S501.743 50.434 598.306 2.657l1.709-.765z" class="path3" fill="#712177"></path><path d="M938.824 283.919c1.893 0 1.893 1.893 3.786 1.893 1.765 2.012 2.841 4.666 2.841 7.571s-1.077 5.559-2.853 7.584l.011-.013-268.776 266.884c-2.012 1.765-4.666 2.841-7.571 2.841s-5.559-1.077-7.584-2.853a3.774 3.774 0 0 1-1.877-3.793l-.002.019c-7.681-21.529-12.12-46.363-12.12-72.235 0-61.263 24.891-116.712 65.111-156.786 39.326-39.792 93.895-64.431 154.219-64.431 26.857 0 52.573 4.884 76.309 13.812l-1.494-.493z" class="path4" fill="#82BC00"></path></g></g></svg></div></span> Stop &amp; Shop Natural 80% Lean 20% Fat Ground Beef Patties - 16 ct Frozen</a></div><!--v-if--><!--v-if--></div><div class="skeleton-loader_wrapper"><!-- eslint-disable-next-line vuejs-accessibility/click-events-have-key-events --><div class="product-grid-cell_sizes"><span class="product-grid-cell_size">4 LB BOX</span><span aria-hidden="true"> | </span><!--v-if--><span class="product-grid-cell_unit">$4.75 /LB</span></div><!--v-if--></div><!--v-if--></button><div class="product-grid-cell_promo-name"><!--v-if--><!--v-if--><!--v-if--><!--v-if--><!--v-if--></div><!--v-if--><!--v-if--><!--v-if--><!--v-if--><div class="margin-top--one"><!--v-if--><div class="pdl-add-to-cart" coupon-clipped="false"><div class="pdl-add-to-cart_button"><button class="button button--add-to-cart" aria-label="Add to cart" data-product-id="208819" data-price="18.99">Add to cart <!--v-if--></button><!--v-if--><!--v-if--><!-- Swap n Save --><!--v-if--></div><!--v-if--></div><!--v-if--><!--v-if--></div><!--v-if--></div></div><!-- MOBILE VIEW --><!--v-if--><!-- This is for xxsmall devices --><div class="mobile-product-list-cell_bottom m-4 hidden"><div class="mobile-product-list-cell_bottom_cart-ui-wrapper"><!--v-if--><div class="pdl-add-to-cart" coupon-clipped="false"><div class="pdl-add-to-cart_button"><button class="button button--add-to-cart" aria-label="Add to cart" data-product-id="208819" data-price="18.99">Add to cart <!--v-if--></button><!--v-if--><!--v-if--><!-- Swap n Save --><!--v-if--></div><!--v-if--></div><!--v-if--><!--v-if--></div><!--v-if--></div><div class="product-tile_action-items" is-typeahead="false"><!--v-if--><!--v-if--><div class="shopping-list-menu_container"><div class="relative-el"><button class="button pdl-product-detail_top-icon button--fourth pdl-product-detail_top-icon--borderless" aria-label="add to shopping list" page-view="browse aisles" title=""><!--v-if--><div class="vector-icon-size--large"><svg xmlns="http://www.w3.org/2000/svg" class="vector-icon-color--dark-grey" aria-label="Shopping List Icon Add" viewBox="0 0 32 32" role="presentation" aria-hidden="true" focusable="false"><title lang="en">Shopping List Icon Add</title><desc></desc><g fill="" stroke=""><g><path d="M21.94066,15.3368884 L21.94066,12.8931995 C21.94066,12.3409148 22.3883752,11.8931995 22.94066,11.8931995 C23.4929447,11.8931995 23.94066,12.3409148 23.94066,12.8931995 L23.94066,15.3368884 L26.2522624,15.3368884 C26.8045471,15.3368884 27.2522624,15.7846037 27.2522624,16.3368884 C27.2522624,16.8891732 26.8045471,17.3368884 26.2522624,17.3368884 L23.94066,17.3368884 L23.94066,19.8787952 C23.94066,20.43108 23.4929447,20.8787952 22.94066,20.8787952 C22.3883752,20.8787952 21.94066,20.43108 21.94066,19.8787952 L21.94066,17.3368884 L19.2666667,17.3368884 C18.7143819,17.3368884 18.2666667,16.8891732 18.2666667,16.3368884 C18.2666667,15.7846037 18.7143819,15.3368884 19.2666667,15.3368884 L21.94066,15.3368884 Z M8,12 C7.44771525,12 7,11.5522847 7,11 C7,10.4477153 7.44771525,10 8,10 L19.1153581,10 C19.6676429,10 20.1153581,10.4477153 20.1153581,11 C20.1153581,11.5522847 19.6676429,12 19.1153581,12 L8,12 Z M8,17.3368884 C7.44771525,17.3368884 7,16.8891732 7,16.3368884 C7,15.7846037 7.44771525,15.3368884 8,15.3368884 L14.7200696,15.3368884 C15.2723543,15.3368884 15.7200696,15.7846037 15.7200696,16.3368884 C15.7200696,16.8891732 15.2723543,17.3368884 14.7200696,17.3368884 L8,17.3368884 Z M8,23 C7.44771525,23 7,22.5522847 7,22 C7,21.4477153 7.44771525,21 8,21 L19.1153581,21 C19.6676429,21 20.1153581,21.4477153 20.1153581,22 C20.1153581,22.5522847 19.6676429,23 19.1153581,23 L8,23 Z" fill="#000000" fill-rule="nonzero"></path></g></g></svg></div><div class="pdl-product-detail_list-tooltip"><p class="no-wrap">Sign in to add to shopping list</p><em></em></div></button></div></div></div><!--v-if--></li><!-- eslint-disable vuejs-accessibility/mouse-events-have-key-events --><li tabindex="-1" data-product-id="212748" class="tile product-cell product-grid-cell mb-0"><!--v-if--><!--v-if--><!--v-if--><div class="product-tile_content"><div class="flag_outer-container"><div class=""><svg xmlns="http://www.w3.org/2000/svg" class="w-20 ml-3" aria-label="Sale" viewBox="0 0 32 32" role="presentation" aria-hidden="true" focusable="false"><title lang="en">Sale</title><desc></desc><g fill="" stroke=""><g><path d="M16.56 19.87a3.81 3.81 0 0 1-1-.13l-13.39-3.5a1.5 1.5 0 0 1-1.12-1.34l-.81-11a1.52 1.52 0 0 1 1.39-1.61l27.69-2h.11a1.51 1.51 0 0 1 1.5 1.4l.82 11a1.52 1.52 0 0 1-.91 1.5l-12.72 5.36a3.79 3.79 0 0 1-1.56.32Z" fill="#ed1256"></path><path fill="#fff" d="M29.43.48a1.26 1.26 0 0 1 1.26 1.17l.82 11a1.27 1.27 0 0 1-.76 1.26L18 19.34a3.72 3.72 0 0 1-1.47.3 3.79 3.79 0 0 1-.94-.12L2.24 16a1.27 1.27 0 0 1-1-1.13l-.81-11a1.26 1.26 0 0 1 1.22-1.33L29.34.48h.09m0-.48h-.13L1.62 2A1.76 1.76 0 0 0 0 3.92l.82 11a1.73 1.73 0 0 0 1.3 1.55L15.5 20a4.3 4.3 0 0 0 1.07.14 4.24 4.24 0 0 0 1.65-.34l12.72-5.44A1.76 1.76 0 0 0 32 12.59l-.82-11A1.76 1.76 0 0 0 29.43 0Z"></path><path fill="#fff" d="M3.74 9.87a3 3 0 0 0 .82.55 2.21 2.21 0 0 0 1.08.19 1.6 1.6 0 0 0 .29 0 1 1 0 0 0 .26-.12.58.58 0 0 0 .18-.2.62.62 0 0 0 0-.31.59.59 0 0 0-.32-.49 3.38 3.38 0 0 0-.85-.34L4.84 9a4.19 4.19 0 0 1-.69-.26 2.44 2.44 0 0 1-.63-.41 1.92 1.92 0 0 1-.7-1.42 2.68 2.68 0 0 1 .1-1A2.2 2.2 0 0 1 3.39 5a2.42 2.42 0 0 1 .82-.6 3.15 3.15 0 0 1 1.17-.28 3.68 3.68 0 0 1 1.72.24 3 3 0 0 1 .57.29A2.66 2.66 0 0 1 8 5l-.82 1.37a4.42 4.42 0 0 0-.82-.45 2 2 0 0 0-.85-.13 1.4 1.4 0 0 0-.28.06A.9.9 0 0 0 5 6a.62.62 0 0 0-.16.2.5.5 0 0 0 0 .28.6.6 0 0 0 .1.31.68.68 0 0 0 .24.2 1.27 1.27 0 0 0 .35.15l.43.13.35.09a7.49 7.49 0 0 1 .69.22 2.2 2.2 0 0 1 .72.42 2.46 2.46 0 0 1 .54.68 2.31 2.31 0 0 1 .27 1 2.15 2.15 0 0 1-.15 1 2.53 2.53 0 0 1-.56.84 2.77 2.77 0 0 1-.88.59 4 4 0 0 1-1.11.27A4.67 4.67 0 0 1 4 12.25a3.79 3.79 0 0 1-1.28-.75ZM11.29 3.89l2.17-.16 3.1 7.7-2 .15L14 10l-2.39.18-.35 1.67-2 .14Zm2.15 4.6-1-2.84-.61 2.95ZM17 3.47l1.89-.14.44 6 3.3-.25.16 1.92-5.19.39ZM23.36 3l5.13-.38.13 1.8-3.24.24.09 1.22 2.66-.2.12 1.7-2.65.2.09 1.35 3.46-.26.13 1.81-5.34.4Z"></path></g></g></svg></div><!--v-if--><!--v-if--><!--v-if--><!--v-if--></div><a href="https://stopandshop.com/product/sabrett-skinless-beef-frankfurters-apx-20-ct-32-oz-pkg/212748" aria-hidden="true" tabindex="-1"><div><!--v-if--><img src="data:image/svg+xml;base64,PD94bWwgdmVyc2lvbj0iMS4wIiBlbmNvZGluZz0idXRmLTgiPz4KPCEtLSBHZW5lcmF0ZWQgYnkgSWNvTW9vbi5pbyAtLT4KPCFET0NUWVBFIHN2ZyBQVUJMSUMgIi0vL1czQy8vRFREIFNWRyAxLjEvL0VOIiAiaHR0cDovL3d3dy53My5vcmcvR3JhcGhpY3MvU1ZHLzEuMS9EVEQvc3ZnMTEuZHRkIj4KPHN2ZyB2ZXJzaW9uPSIxLjEiIHhtbG5zPSJodHRwOi8vd3d3LnczLm9yZy8yMDAwL3N2ZyIgeG1sbnM6eGxpbms9Imh0dHA6Ly93d3cudzMub3JnLzE5OTkveGxpbmsiIHdpZHRoPSI0OCIgaGVpZ2h0PSI0OCIgdmlld0JveD0iMCAwIDQ4IDQ4Ij4KPGcgaWQ9Imljb21vb24taWdub3JlIj4KCTxsaW5lIHN0cm9rZS13aWR0aD0iMSIgeDE9IiIgeTE9IiIgeDI9IiIgeTI9IiIgc3Ryb2tlPSIjNDQ5RkRCIiBvcGFjaXR5PSIiPjwvbGluZT4KPC9nPgoJPHBhdGggZD0iTTM4LjQ4IDkuMDcwYzAuMjQ4IDAgMC40NSAwLjIwMiAwLjQ1IDAuNDV2MjguOTU5YzAgMC4yNDgtMC4yMDIgMC40NS0wLjQ1IDAuNDVoLTI4Ljk1OWMtMC4yNDggMC0wLjQ1LTAuMjAyLTAuNDUtMC40NXYtMjguOTU5YzAtMC4yNDggMC4yMDItMC40NSAwLjQ1LTAuNDVoMjguOTU5ek0zOC40OCA4aC0yOC45NTljLTAuODQgMC0xLjUyIDAuNjgxLTEuNTIgMS41MjF2MjguOTU5YzAgMC44NCAwLjY4MSAxLjUyMSAxLjUyIDEuNTIxaDI4Ljk1OWMwLjg0IDAgMS41Mi0wLjY4MSAxLjUyLTEuNTIxdi0yOC45NTljMC0wLjg0LTAuNjgxLTEuNTIxLTEuNTItMS41MjF2MHoiIG9wYWNpdHk9IjEiIHZpc2liaWxpdHk9ImZhbHNlIiBmaWxsPSIjZDdkN2Q3Ij48L3BhdGg+Cgk8cGF0aCBkPSJNMTIuMjI4IDM1LjIyNHYtMy4zMjljMC0wLjE0NSAwLjA1OC0wLjI4NSAwLjE2LTAuMzg4bDUuNTg3LTUuNTg3YzAuMjE0LTAuMjE0IDAuNTYxLTAuMjE0IDAuNzc1IDBsMi4xMTkgMi4xMTljMC4yMTQgMC4yMTQgMC41NjEgMC4yMTQgMC43NzUgMGw4LjE5MS04LjE5MmMwLjIxNC0wLjIxNCAwLjU2MS0wLjIxNCAwLjc3NSAwbDUgNWMwLjEwMyAwLjEwMyAwLjE2IDAuMjQyIDAuMTYgMC4zODh2OS45ODhjMCAwLjMwMy0wLjI0NSAwLjU0OC0wLjU0OCAwLjU0OGgtMjIuNDQ3Yy0wLjMwMyAwLTAuNTQ4LTAuMjQ1LTAuNTQ4LTAuNTQ4eiIgb3BhY2l0eT0iMSIgdmlzaWJpbGl0eT0iZmFsc2UiIGZpbGw9IiNkN2Q3ZDciPjwvcGF0aD4KCTxwYXRoIGQ9Ik0yMS41NDQgMTcuOTY3YzAgMS45ODItMS42MDYgMy41ODgtMy41ODggMy41ODhzLTMuNTg4LTEuNjA2LTMuNTg4LTMuNTg4YzAtMS45ODEgMS42MDYtMy41ODggMy41ODgtMy41ODhzMy41ODggMS42MDYgMy41ODggMy41ODh6IiBvcGFjaXR5PSIxIiB2aXNpYmlsaXR5PSJmYWxzZSIgZmlsbD0iI2Q3ZDdkNyI+PC9wYXRoPgo8L3N2Zz4K" alt="Sabrett Skinless Beef Frankfurters - apx 20 ct 32 OZ PKG" class="product-grid-image object-contain product-grid-cell_main-image" skeleton-box-size="14rem"></div></a><div class="product-grid-cell_price-tag product-grid-cell_price-tag--full-tile"><div class="product-tile_detail"><div class="skeleton-loader_wrapper cursor-pointer"><!-- eslint-disable-next-line vuejs-accessibility/click-events-have-key-events --><div class="product-grid-cell_price-container product-grid-cell_price-container_column"><span class="sr-only">Sabrett Skinless Beef Frankfurters - apx 20 ct</span><span class="product-grid-cell_main-price product-grid-cell_main-price--on-sale"><span class="sr-only"> Sale Price </span> $11.99</span><div class="product-grid-cell_was-container"><span class="product-grid-cell_regular-price mb-1 product-grid-cell_regular-price--small"><span class="sr-only"> Original Price </span> $14.49</span></div></div><!--v-if--></div><!--v-if--></div><button class="product-tile_detail-title"><div class="skeleton-loader_wrapper"><div class="product-grid-cell_name"><a id="product-name-212748-17497327348349534" class="product-grid-cell_name-text product-grid-cell_name-text--small product-grid-cell_name-text--clamp-2" href="https://stopandshop.com/product/sabrett-skinless-beef-frankfurters-apx-20-ct-32-oz-pkg/212748" data-opens-modal="true" aria-haspopup="dialog"><!--v-if--> Sabrett Skinless Beef Frankfurters - apx 20 ct</a></div><!--v-if--><!--v-if--></div><div class="skeleton-loader_wrapper"><!-- eslint-disable-next-line vuejs-accessibility/click-events-have-key-events --><div class="product-grid-cell_sizes"><span class="product-grid-cell_size">32 OZ PKG</span><span aria-hidden="true"> | </span><!--v-if--><span class="product-grid-cell_unit">$6.00 /LB</span></div><!--v-if--></div><!--v-if--></button><div class="product-grid-cell_promo-name"><!--v-if--><!--v-if--><!--v-if--><!--v-if--><!--v-if--></div><!--v-if--><!--v-if--><!--v-if--><!--v-if--><div class="margin-top--one"><!--v-if--><div class="pdl-add-to-cart" coupon-clipped="false"><div class="pdl-add-to-cart_button"><button class="button button--add-to-cart add-sale" aria-label="Add to cart" data-product-id="212748" data-price="11.99">Add to cart <!--v-if--></button><!--v-if--><!--v-if--><!-- Swap n Save --><!--v-if--></div><!--v-if--></div><!--v-if--><!--v-if--></div><!--v-if--></div></div><!-- MOBILE VIEW --><!--v-if--><!-- This is for xxsmall devices --><div class="mobile-product-list-cell_bottom m-4 hidden"><div class="mobile-product-list-cell_bottom_cart-ui-wrapper"><!--v-if--><div class="pdl-add-to-cart" coupon-clipped="false"><div class="pdl-add-to-cart_button"><button class="button button--add-to-cart add-sale" aria-label="Add to cart" data-product-id="212748" data-price="11.99">Add to cart <!--v-if--></button><!--v-if--><!--v-if--><!-- Swap n Save --><!--v-if--></div><!--v-if--></div><!--v-if--><!--v-if--></div><!--v-if--></div><div class="product-tile_action-items" is-typeahead="false"><!--v-if--><!--v-if--><div class="shopping-list-menu_container"><div class="relative-el"><button class="button pdl-product-detail_top-icon button--fourth pdl-product-detail_top-icon--borderless" aria-label="add to shopping list" page-view="browse aisles" title=""><!--v-if--><div class="vector-icon-size--large"><svg xmlns="http://www.w3.org/2000/svg" class="vector-icon-color--dark-grey" aria-label="Shopping List Icon Add" viewBox="0 0 32 32" role="presentation" aria-hidden="true" focusable="false"><title lang="en">Shopping List Icon Add</title><desc></desc><g fill="" stroke=""><g><path d="M21.94066,15.3368884 L21.94066,12.8931995 C21.94066,12.3409148 22.3883752,11.8931995 22.94066,11.8931995 C23.4929447,11.8931995 23.94066,12.3409148 23.94066,12.8931995 L23.94066,15.3368884 L26.2522624,15.3368884 C26.8045471,15.3368884 27.2522624,15.7846037 27.2522624,16.3368884 C27.2522624,16.8891732 26.8045471,17.3368884 26.2522624,17.3368884 L23.94066,17.3368884 L23.94066,19.8787952 C23.94066,20.43108 23.4929447,20.8787952 22.94066,20.8787952 C22.3883752,20.8787952 21.94066,20.43108 21.94066,19.8787952 L21.94066,17.3368884 L19.2666667,17.3368884 C18.7143819,17.3368884 18.2666667,16.8891732 18.2666667,16.3368884 C18.2666667,15.7846037 18.7143819,15.3368884 19.2666667,15.3368884 L21.94066,15.3368884 Z M8,12 C7.44771525,12 7,11.5522847 7,11 C7,10.4477153 7.44771525,10 8,10 L19.1153581,10 C19.6676429,10 20.1153581,10.4477153 20.1153581,11 C20.1153581,11.5522847 19.6676429,12 19.1153581,12 L8,12 Z M8,17.3368884 C7.44771525,17.3368884 7,16.8891732 7,16.3368884 C7,15.7846037 7.44771525,15.3368884 8,15.3368884 L14.7200696,15.3368884 C15.2723543,15.3368884 15.7200696,15.7846037 15.7200696,16.3368884 C15.7200696,16.8891732 15.2723543,17.3368884 14.7200696,17.3368884 L8,17.3368884 Z M8,23 C7.44771525,23 7,22.5522847 7,22 C7,21.4477153 7.44771525,21 8,21 L19.1153581,21 C19.6676429,21 20.1153581,21.4477153 20.1153581,22 C20.1153581,22.5522847 19.6676429,23 19.1153581,23 L8,23 Z" fill="#000000" fill-rule="nonzero"></path></g></g></svg></div><div class="pdl-product-detail_list-tooltip"><p class="no-wrap">Sign in to add to shopping list</p><em></em></div></button></div></div></div><!--v-if--></li><!--v-if--></ul><!--v-if--><!--v-if--><!--v-if--><!--v-if--></div><div tabindex="-1" class="pdl-carousel_item zone-block_carousel-item" style="height: auto; width: 697px;"><ul class="product-list product-list-triple pt-0 pdl-carousel_content" islastslide="false" itemcountpriorslide="[object Object]" index="12" style="height: auto;"><!-- eslint-disable vuejs-accessibility/mouse-events-have-key-events --><li tabindex="-1" data-product-id="227564" class="tile product-cell product-grid-cell mb-0"><!--v-if--><!--v-if--><!--v-if--><div class="product-tile_content"><!--v-if--><a href="https://stopandshop.com/product/bubba-burger-bacon-cheddar-1-3-lb-beef-chuck-patties-6-ct-frozen-2-lb-box/227564" aria-hidden="true" tabindex="-1"><div><!--v-if--><img src="data:image/svg+xml;base64,PD94bWwgdmVyc2lvbj0iMS4wIiBlbmNvZGluZz0idXRmLTgiPz4KPCEtLSBHZW5lcmF0ZWQgYnkgSWNvTW9vbi5pbyAtLT4KPCFET0NUWVBFIHN2ZyBQVUJMSUMgIi0vL1czQy8vRFREIFNWRyAxLjEvL0VOIiAiaHR0cDovL3d3dy53My5vcmcvR3JhcGhpY3MvU1ZHLzEuMS9EVEQvc3ZnMTEuZHRkIj4KPHN2ZyB2ZXJzaW9uPSIxLjEiIHhtbG5zPSJodHRwOi8vd3d3LnczLm9yZy8yMDAwL3N2ZyIgeG1sbnM6eGxpbms9Imh0dHA6Ly93d3cudzMub3JnLzE5OTkveGxpbmsiIHdpZHRoPSI0OCIgaGVpZ2h0PSI0OCIgdmlld0JveD0iMCAwIDQ4IDQ4Ij4KPGcgaWQ9Imljb21vb24taWdub3JlIj4KCTxsaW5lIHN0cm9rZS13aWR0aD0iMSIgeDE9IiIgeTE9IiIgeDI9IiIgeTI9IiIgc3Ryb2tlPSIjNDQ5RkRCIiBvcGFjaXR5PSIiPjwvbGluZT4KPC9nPgoJPHBhdGggZD0iTTM4LjQ4IDkuMDcwYzAuMjQ4IDAgMC40NSAwLjIwMiAwLjQ1IDAuNDV2MjguOTU5YzAgMC4yNDgtMC4yMDIgMC40NS0wLjQ1IDAuNDVoLTI4Ljk1OWMtMC4yNDggMC0wLjQ1LTAuMjAyLTAuNDUtMC40NXYtMjguOTU5YzAtMC4yNDggMC4yMDItMC40NSAwLjQ1LTAuNDVoMjguOTU5ek0zOC40OCA4aC0yOC45NTljLTAuODQgMC0xLjUyIDAuNjgxLTEuNTIgMS41MjF2MjguOTU5YzAgMC44NCAwLjY4MSAxLjUyMSAxLjUyIDEuNTIxaDI4Ljk1OWMwLjg0IDAgMS41Mi0wLjY4MSAxLjUyLTEuNTIxdi0yOC45NTljMC0wLjg0LTAuNjgxLTEuNTIxLTEuNTItMS41MjF2MHoiIG9wYWNpdHk9IjEiIHZpc2liaWxpdHk9ImZhbHNlIiBmaWxsPSIjZDdkN2Q3Ij48L3BhdGg+Cgk8cGF0aCBkPSJNMTIuMjI4IDM1LjIyNHYtMy4zMjljMC0wLjE0NSAwLjA1OC0wLjI4NSAwLjE2LTAuMzg4bDUuNTg3LTUuNTg3YzAuMjE0LTAuMjE0IDAuNTYxLTAuMjE0IDAuNzc1IDBsMi4xMTkgMi4xMTljMC4yMTQgMC4yMTQgMC41NjEgMC4yMTQgMC43NzUgMGw4LjE5MS04LjE5MmMwLjIxNC0wLjIxNCAwLjU2MS0wLjIxNCAwLjc3NSAwbDUgNWMwLjEwMyAwLjEwMyAwLjE2IDAuMjQyIDAuMTYgMC4zODh2OS45ODhjMCAwLjMwMy0wLjI0NSAwLjU0OC0wLjU0OCAwLjU0OGgtMjIuNDQ3Yy0wLjMwMyAwLTAuNTQ4LTAuMjQ1LTAuNTQ4LTAuNTQ4eiIgb3BhY2l0eT0iMSIgdmlzaWJpbGl0eT0iZmFsc2UiIGZpbGw9IiNkN2Q3ZDciPjwvcGF0aD4KCTxwYXRoIGQ9Ik0yMS41NDQgMTcuOTY3YzAgMS45ODItMS42MDYgMy41ODgtMy41ODggMy41ODhzLTMuNTg4LTEuNjA2LTMuNTg4LTMuNTg4YzAtMS45ODEgMS42MDYtMy41ODggMy41ODgtMy41ODhzMy41ODggMS42MDYgMy41ODggMy41ODh6IiBvcGFjaXR5PSIxIiB2aXNpYmlsaXR5PSJmYWxzZSIgZmlsbD0iI2Q3ZDdkNyI+PC9wYXRoPgo8L3N2Zz4K" alt="Bubba Burger Bacon Cheddar 1/3 lb Beef Chuck Patties - 6 ct Frozen 2 LB BOX" class="product-grid-image object-contain product-grid-cell_main-image" skeleton-box-size="14rem"></div></a><div class="product-grid-cell_price-tag product-grid-cell_price-tag--full-tile"><div class="product-tile_detail"><div class="skeleton-loader_wrapper cursor-pointer"><!-- eslint-disable-next-line vuejs-accessibility/click-events-have-key-events --><div class="product-grid-cell_price-container"><span class="sr-only">Bubba Burger Bacon Cheddar 1/3 lb Beef Chuck Patties - 6 ct Frozen</span><span class="product-grid-cell_main-price"><!--v-if--> $16.99</span><!--v-if--></div><!--v-if--></div><!--v-if--></div><button class="product-tile_detail-title"><div class="skeleton-loader_wrapper"><div class="product-grid-cell_name"><a id="product-name-227564-17497327348364993" class="product-grid-cell_name-text product-grid-cell_name-text--small product-grid-cell_name-text--clamp-2" href="https://stopandshop.com/product/bubba-burger-bacon-cheddar-1-3-lb-beef-chuck-patties-6-ct-frozen-2-lb-box/227564" data-opens-modal="true" aria-haspopup="dialog"><!--v-if--> Bubba Burger Bacon Cheddar 1/3 lb Beef Chuck Patties - 6 ct Frozen</a></div><!--v-if--><!--v-if--></div><div class="skeleton-loader_wrapper"><!-- eslint-disable-next-line vuejs-accessibility/click-events-have-key-events --><div class="product-grid-cell_sizes"><span class="product-grid-cell_size">2 LB BOX</span><span aria-hidden="true"> | </span><!--v-if--><span class="product-grid-cell_unit">$8.49 /LB</span></div><!--v-if--></div><!--v-if--></button><div class="product-grid-cell_promo-name"><!--v-if--><!--v-if--><!--v-if--><!--v-if--><!--v-if--></div><!--v-if--><!--v-if--><!--v-if--><!--v-if--><div class="margin-top--one"><!--v-if--><div class="pdl-add-to-cart" coupon-clipped="false"><div class="pdl-add-to-cart_button"><button class="button button--add-to-cart" aria-label="Add to cart" data-product-id="227564" data-price="16.99">Add to cart <!--v-if--></button><!--v-if--><!--v-if--><!-- Swap n Save --><!--v-if--></div><!--v-if--></div><!--v-if--><!--v-if--></div><!--v-if--></div></div><!-- MOBILE VIEW --><!--v-if--><!-- This is for xxsmall devices --><div class="mobile-product-list-cell_bottom m-4 hidden"><div class="mobile-product-list-cell_bottom_cart-ui-wrapper"><!--v-if--><div class="pdl-add-to-cart" coupon-clipped="false"><div class="pdl-add-to-cart_button"><button class="button button--add-to-cart" aria-label="Add to cart" data-product-id="227564" data-price="16.99">Add to cart <!--v-if--></button><!--v-if--><!--v-if--><!-- Swap n Save --><!--v-if--></div><!--v-if--></div><!--v-if--><!--v-if--></div><!--v-if--></div><div class="product-tile_action-items" is-typeahead="false"><!--v-if--><!--v-if--><div class="shopping-list-menu_container"><div class="relative-el"><button class="button pdl-product-detail_top-icon button--fourth pdl-product-detail_top-icon--borderless" aria-label="add to shopping list" page-view="browse aisles" title=""><!--v-if--><div class="vector-icon-size--large"><svg xmlns="http://www.w3.org/2000/svg" class="vector-icon-color--dark-grey" aria-label="Shopping List Icon Add" viewBox="0 0 32 32" role="presentation" aria-hidden="true" focusable="false"><title lang="en">Shopping List Icon Add</title><desc></desc><g fill="" stroke=""><g><path d="M21.94066,15.3368884 L21.94066,12.8931995 C21.94066,12.3409148 22.3883752,11.8931995 22.94066,11.8931995 C23.4929447,11.8931995 23.94066,12.3409148 23.94066,12.8931995 L23.94066,15.3368884 L26.2522624,15.3368884 C26.8045471,15.3368884 27.2522624,15.7846037 27.2522624,16.3368884 C27.2522624,16.8891732 26.8045471,17.3368884 26.2522624,17.3368884 L23.94066,17.3368884 L23.94066,19.8787952 C23.94066,20.43108 23.4929447,20.8787952 22.94066,20.8787952 C22.3883752,20.8787952 21.94066,20.43108 21.94066,19.8787952 L21.94066,17.3368884 L19.2666667,17.3368884 C18.7143819,17.3368884 18.2666667,16.8891732 18.2666667,16.3368884 C18.2666667,15.7846037 18.7143819,15.3368884 19.2666667,15.3368884 L21.94066,15.3368884 Z M8,12 C7.44771525,12 7,11.5522847 7,11 C7,10.4477153 7.44771525,10 8,10 L19.1153581,10 C19.6676429,10 20.1153581,10.4477153 20.1153581,11 C20.1153581,11.5522847 19.6676429,12 19.1153581,12 L8,12 Z M8,17.3368884 C7.44771525,17.3368884 7,16.8891732 7,16.3368884 C7,15.7846037 7.44771525,15.3368884 8,15.3368884 L14.7200696,15.3368884 C15.2723543,15.3368884 15.7200696,15.7846037 15.7200696,16.3368884 C15.7200696,16.8891732 15.2723543,17.3368884 14.7200696,17.3368884 L8,17.3368884 Z M8,23 C7.44771525,23 7,22.5522847 7,22 C7,21.4477153 7.44771525,21 8,21 L19.1153581,21 C19.6676429,21 20.1153581,21.4477153 20.1153581,22 C20.1153581,22.5522847 19.6676429,23 19.1153581,23 L8,23 Z" fill="#000000" fill-rule="nonzero"></path></g></g></svg></div><div class="pdl-product-detail_list-tooltip"><p class="no-wrap">Sign in to add to shopping list</p><em></em></div></button></div></div></div><!--v-if--></li><!-- eslint-disable vuejs-accessibility/mouse-events-have-key-events --><li tabindex="-1" data-product-id="262820" class="tile product-cell product-grid-cell mb-0"><!--v-if--><!--v-if--><!--v-if--><div class="product-tile_content"><div class="flag_outer-container"><div class=""><svg xmlns="http://www.w3.org/2000/svg" class="w-20 ml-3" aria-label="Sale" viewBox="0 0 32 32" role="presentation" aria-hidden="true" focusable="false"><title lang="en">Sale</title><desc></desc><g fill="" stroke=""><g><path d="M16.56 19.87a3.81 3.81 0 0 1-1-.13l-13.39-3.5a1.5 1.5 0 0 1-1.12-1.34l-.81-11a1.52 1.52 0 0 1 1.39-1.61l27.69-2h.11a1.51 1.51 0 0 1 1.5 1.4l.82 11a1.52 1.52 0 0 1-.91 1.5l-12.72 5.36a3.79 3.79 0 0 1-1.56.32Z" fill="#ed1256"></path><path fill="#fff" d="M29.43.48a1.26 1.26 0 0 1 1.26 1.17l.82 11a1.27 1.27 0 0 1-.76 1.26L18 19.34a3.72 3.72 0 0 1-1.47.3 3.79 3.79 0 0 1-.94-.12L2.24 16a1.27 1.27 0 0 1-1-1.13l-.81-11a1.26 1.26 0 0 1 1.22-1.33L29.34.48h.09m0-.48h-.13L1.62 2A1.76 1.76 0 0 0 0 3.92l.82 11a1.73 1.73 0 0 0 1.3 1.55L15.5 20a4.3 4.3 0 0 0 1.07.14 4.24 4.24 0 0 0 1.65-.34l12.72-5.44A1.76 1.76 0 0 0 32 12.59l-.82-11A1.76 1.76 0 0 0 29.43 0Z"></path><path fill="#fff" d="M3.74 9.87a3 3 0 0 0 .82.55 2.21 2.21 0 0 0 1.08.19 1.6 1.6 0 0 0 .29 0 1 1 0 0 0 .26-.12.58.58 0 0 0 .18-.2.62.62 0 0 0 0-.31.59.59 0 0 0-.32-.49 3.38 3.38 0 0 0-.85-.34L4.84 9a4.19 4.19 0 0 1-.69-.26 2.44 2.44 0 0 1-.63-.41 1.92 1.92 0 0 1-.7-1.42 2.68 2.68 0 0 1 .1-1A2.2 2.2 0 0 1 3.39 5a2.42 2.42 0 0 1 .82-.6 3.15 3.15 0 0 1 1.17-.28 3.68 3.68 0 0 1 1.72.24 3 3 0 0 1 .57.29A2.66 2.66 0 0 1 8 5l-.82 1.37a4.42 4.42 0 0 0-.82-.45 2 2 0 0 0-.85-.13 1.4 1.4 0 0 0-.28.06A.9.9 0 0 0 5 6a.62.62 0 0 0-.16.2.5.5 0 0 0 0 .28.6.6 0 0 0 .1.31.68.68 0 0 0 .24.2 1.27 1.27 0 0 0 .35.15l.43.13.35.09a7.49 7.49 0 0 1 .69.22 2.2 2.2 0 0 1 .72.42 2.46 2.46 0 0 1 .54.68 2.31 2.31 0 0 1 .27 1 2.15 2.15 0 0 1-.15 1 2.53 2.53 0 0 1-.56.84 2.77 2.77 0 0 1-.88.59 4 4 0 0 1-1.11.27A4.67 4.67 0 0 1 4 12.25a3.79 3.79 0 0 1-1.28-.75ZM11.29 3.89l2.17-.16 3.1 7.7-2 .15L14 10l-2.39.18-.35 1.67-2 .14Zm2.15 4.6-1-2.84-.61 2.95ZM17 3.47l1.89-.14.44 6 3.3-.25.16 1.92-5.19.39ZM23.36 3l5.13-.38.13 1.8-3.24.24.09 1.22 2.66-.2.12 1.7-2.65.2.09 1.35 3.46-.26.13 1.81-5.34.4Z"></path></g></g></svg></div><!--v-if--><!--v-if--><!--v-if--><!--v-if--></div><a href="https://stopandshop.com/product/sabrett-natural-casing-beef-frankfurters-6-ct-12-oz-pkg/262820" aria-hidden="true" tabindex="-1"><div><!--v-if--><img src="data:image/svg+xml;base64,PD94bWwgdmVyc2lvbj0iMS4wIiBlbmNvZGluZz0idXRmLTgiPz4KPCEtLSBHZW5lcmF0ZWQgYnkgSWNvTW9vbi5pbyAtLT4KPCFET0NUWVBFIHN2ZyBQVUJMSUMgIi0vL1czQy8vRFREIFNWRyAxLjEvL0VOIiAiaHR0cDovL3d3dy53My5vcmcvR3JhcGhpY3MvU1ZHLzEuMS9EVEQvc3ZnMTEuZHRkIj4KPHN2ZyB2ZXJzaW9uPSIxLjEiIHhtbG5zPSJodHRwOi8vd3d3LnczLm9yZy8yMDAwL3N2ZyIgeG1sbnM6eGxpbms9Imh0dHA6Ly93d3cudzMub3JnLzE5OTkveGxpbmsiIHdpZHRoPSI0OCIgaGVpZ2h0PSI0OCIgdmlld0JveD0iMCAwIDQ4IDQ4Ij4KPGcgaWQ9Imljb21vb24taWdub3JlIj4KCTxsaW5lIHN0cm9rZS13aWR0aD0iMSIgeDE9IiIgeTE9IiIgeDI9IiIgeTI9IiIgc3Ryb2tlPSIjNDQ5RkRCIiBvcGFjaXR5PSIiPjwvbGluZT4KPC9nPgoJPHBhdGggZD0iTTM4LjQ4IDkuMDcwYzAuMjQ4IDAgMC40NSAwLjIwMiAwLjQ1IDAuNDV2MjguOTU5YzAgMC4yNDgtMC4yMDIgMC40NS0wLjQ1IDAuNDVoLTI4Ljk1OWMtMC4yNDggMC0wLjQ1LTAuMjAyLTAuNDUtMC40NXYtMjguOTU5YzAtMC4yNDggMC4yMDItMC40NSAwLjQ1LTAuNDVoMjguOTU5ek0zOC40OCA4aC0yOC45NTljLTAuODQgMC0xLjUyIDAuNjgxLTEuNTIgMS41MjF2MjguOTU5YzAgMC44NCAwLjY4MSAxLjUyMSAxLjUyIDEuNTIxaDI4Ljk1OWMwLjg0IDAgMS41Mi0wLjY4MSAxLjUyLTEuNTIxdi0yOC45NTljMC0wLjg0LTAuNjgxLTEuNTIxLTEuNTItMS41MjF2MHoiIG9wYWNpdHk9IjEiIHZpc2liaWxpdHk9ImZhbHNlIiBmaWxsPSIjZDdkN2Q3Ij48L3BhdGg+Cgk8cGF0aCBkPSJNMTIuMjI4IDM1LjIyNHYtMy4zMjljMC0wLjE0NSAwLjA1OC0wLjI4NSAwLjE2LTAuMzg4bDUuNTg3LTUuNTg3YzAuMjE0LTAuMjE0IDAuNTYxLTAuMjE0IDAuNzc1IDBsMi4xMTkgMi4xMTljMC4yMTQgMC4yMTQgMC41NjEgMC4yMTQgMC43NzUgMGw4LjE5MS04LjE5MmMwLjIxNC0wLjIxNCAwLjU2MS0wLjIxNCAwLjc3NSAwbDUgNWMwLjEwMyAwLjEwMyAwLjE2IDAuMjQyIDAuMTYgMC4zODh2OS45ODhjMCAwLjMwMy0wLjI0NSAwLjU0OC0wLjU0OCAwLjU0OGgtMjIuNDQ3Yy0wLjMwMyAwLTAuNTQ4LTAuMjQ1LTAuNTQ4LTAuNTQ4eiIgb3BhY2l0eT0iMSIgdmlzaWJpbGl0eT0iZmFsc2UiIGZpbGw9IiNkN2Q3ZDciPjwvcGF0aD4KCTxwYXRoIGQ9Ik0yMS41NDQgMTcuOTY3YzAgMS45ODItMS42MDYgMy41ODgtMy41ODggMy41ODhzLTMuNTg4LTEuNjA2LTMuNTg4LTMuNTg4YzAtMS45ODEgMS42MDYtMy41ODggMy41ODgtMy41ODhzMy41ODggMS42MDYgMy41ODggMy41ODh6IiBvcGFjaXR5PSIxIiB2aXNpYmlsaXR5PSJmYWxzZSIgZmlsbD0iI2Q3ZDdkNyI+PC9wYXRoPgo8L3N2Zz4K" alt="Sabrett Natural Casing Beef Frankfurters - 6 ct 12 OZ PKG" class="product-grid-image object-contain product-grid-cell_main-image" skeleton-box-size="14rem"></div></a><div class="product-grid-cell_price-tag product-grid-cell_price-tag--full-tile"><div class="product-tile_detail"><div class="skeleton-loader_wrapper cursor-pointer"><!-- eslint-disable-next-line vuejs-accessibility/click-events-have-key-events --><div class="product-grid-cell_price-container product-grid-cell_price-container_column"><span class="sr-only">Sabrett Natural Casing Beef Frankfurters - 6 ct</span><span class="product-grid-cell_main-price product-grid-cell_main-price--on-sale"><span class="sr-only"> Sale Price </span> $4.99</span><div class="product-grid-cell_was-container"><span class="product-grid-cell_regular-price mb-1 product-grid-cell_regular-price--small"><span class="sr-only"> Original Price </span> $7.99</span></div></div><!--v-if--></div><!--v-if--></div><button class="product-tile_detail-title"><div class="skeleton-loader_wrapper"><div class="product-grid-cell_name"><a id="product-name-262820-17497327348376677" class="product-grid-cell_name-text product-grid-cell_name-text--small product-grid-cell_name-text--clamp-2" href="https://stopandshop.com/product/sabrett-natural-casing-beef-frankfurters-6-ct-12-oz-pkg/262820" data-opens-modal="true" aria-haspopup="dialog"><!--v-if--> Sabrett Natural Casing Beef Frankfurters - 6 ct</a></div><!--v-if--><!--v-if--></div><div class="skeleton-loader_wrapper"><!-- eslint-disable-next-line vuejs-accessibility/click-events-have-key-events --><div class="product-grid-cell_sizes"><span class="product-grid-cell_size">12 OZ PKG</span><span aria-hidden="true"> | </span><!--v-if--><span class="product-grid-cell_unit">$6.65 /LB</span></div><!--v-if--></div><!--v-if--></button><div class="product-grid-cell_promo-name"><!--v-if--><!--v-if--><!--v-if--><!--v-if--><!--v-if--></div><!--v-if--><!--v-if--><!--v-if--><!--v-if--><div class="margin-top--one"><!--v-if--><div class="pdl-add-to-cart" coupon-clipped="false"><div class="pdl-add-to-cart_button"><button class="button button--add-to-cart add-sale" aria-label="Add to cart" data-product-id="262820" data-price="4.99">Add to cart <!--v-if--></button><!--v-if--><!--v-if--><!-- Swap n Save --><!--v-if--></div><!--v-if--></div><!--v-if--><!--v-if--></div><!--v-if--></div></div><!-- MOBILE VIEW --><!--v-if--><!-- This is for xxsmall devices --><div class="mobile-product-list-cell_bottom m-4 hidden"><div class="mobile-product-list-cell_bottom_cart-ui-wrapper"><!--v-if--><div class="pdl-add-to-cart" coupon-clipped="false"><div class="pdl-add-to-cart_button"><button class="button button--add-to-cart add-sale" aria-label="Add to cart" data-product-id="262820" data-price="4.99">Add to cart <!--v-if--></button><!--v-if--><!--v-if--><!-- Swap n Save --><!--v-if--></div><!--v-if--></div><!--v-if--><!--v-if--></div><!--v-if--></div><div class="product-tile_action-items" is-typeahead="false"><!--v-if--><!--v-if--><div class="shopping-list-menu_container"><div class="relative-el"><button class="button pdl-product-detail_top-icon button--fourth pdl-product-detail_top-icon--borderless" aria-label="add to shopping list" page-view="browse aisles" title=""><!--v-if--><div class="vector-icon-size--large"><svg xmlns="http://www.w3.org/2000/svg" class="vector-icon-color--dark-grey" aria-label="Shopping List Icon Add" viewBox="0 0 32 32" role="presentation" aria-hidden="true" focusable="false"><title lang="en">Shopping List Icon Add</title><desc></desc><g fill="" stroke=""><g><path d="M21.94066,15.3368884 L21.94066,12.8931995 C21.94066,12.3409148 22.3883752,11.8931995 22.94066,11.8931995 C23.4929447,11.8931995 23.94066,12.3409148 23.94066,12.8931995 L23.94066,15.3368884 L26.2522624,15.3368884 C26.8045471,15.3368884 27.2522624,15.7846037 27.2522624,16.3368884 C27.2522624,16.8891732 26.8045471,17.3368884 26.2522624,17.3368884 L23.94066,17.3368884 L23.94066,19.8787952 C23.94066,20.43108 23.4929447,20.8787952 22.94066,20.8787952 C22.3883752,20.8787952 21.94066,20.43108 21.94066,19.8787952 L21.94066,17.3368884 L19.2666667,17.3368884 C18.7143819,17.3368884 18.2666667,16.8891732 18.2666667,16.3368884 C18.2666667,15.7846037 18.7143819,15.3368884 19.2666667,15.3368884 L21.94066,15.3368884 Z M8,12 C7.44771525,12 7,11.5522847 7,11 C7,10.4477153 7.44771525,10 8,10 L19.1153581,10 C19.6676429,10 20.1153581,10.4477153 20.1153581,11 C20.1153581,11.5522847 19.6676429,12 19.1153581,12 L8,12 Z M8,17.3368884 C7.44771525,17.3368884 7,16.8891732 7,16.3368884 C7,15.7846037 7.44771525,15.3368884 8,15.3368884 L14.7200696,15.3368884 C15.2723543,15.3368884 15.7200696,15.7846037 15.7200696,16.3368884 C15.7200696,16.8891732 15.2723543,17.3368884 14.7200696,17.3368884 L8,17.3368884 Z M8,23 C7.44771525,23 7,22.5522847 7,22 C7,21.4477153 7.44771525,21 8,21 L19.1153581,21 C19.6676429,21 20.1153581,21.4477153 20.1153581,22 C20.1153581,22.5522847 19.6676429,23 19.1153581,23 L8,23 Z" fill="#000000" fill-rule="nonzero"></path></g></g></svg></div><div class="pdl-product-detail_list-tooltip"><p class="no-wrap">Sign in to add to shopping list</p><em></em></div></button></div></div></div><!--v-if--></li><!-- eslint-disable vuejs-accessibility/mouse-events-have-key-events --><li tabindex="-1" data-product-id="367065" class="tile product-cell product-grid-cell mb-0"><!--v-if--><!--v-if--><!--v-if--><div class="product-tile_content"><!--v-if--><a href="https://stopandshop.com/product/bubba-burger-smashed-original-beef-chuck-burgers-8-ct-frozen-32-oz-box/367065" aria-hidden="true" tabindex="-1"><div><!--v-if--><img src="data:image/svg+xml;base64,PD94bWwgdmVyc2lvbj0iMS4wIiBlbmNvZGluZz0idXRmLTgiPz4KPCEtLSBHZW5lcmF0ZWQgYnkgSWNvTW9vbi5pbyAtLT4KPCFET0NUWVBFIHN2ZyBQVUJMSUMgIi0vL1czQy8vRFREIFNWRyAxLjEvL0VOIiAiaHR0cDovL3d3dy53My5vcmcvR3JhcGhpY3MvU1ZHLzEuMS9EVEQvc3ZnMTEuZHRkIj4KPHN2ZyB2ZXJzaW9uPSIxLjEiIHhtbG5zPSJodHRwOi8vd3d3LnczLm9yZy8yMDAwL3N2ZyIgeG1sbnM6eGxpbms9Imh0dHA6Ly93d3cudzMub3JnLzE5OTkveGxpbmsiIHdpZHRoPSI0OCIgaGVpZ2h0PSI0OCIgdmlld0JveD0iMCAwIDQ4IDQ4Ij4KPGcgaWQ9Imljb21vb24taWdub3JlIj4KCTxsaW5lIHN0cm9rZS13aWR0aD0iMSIgeDE9IiIgeTE9IiIgeDI9IiIgeTI9IiIgc3Ryb2tlPSIjNDQ5RkRCIiBvcGFjaXR5PSIiPjwvbGluZT4KPC9nPgoJPHBhdGggZD0iTTM4LjQ4IDkuMDcwYzAuMjQ4IDAgMC40NSAwLjIwMiAwLjQ1IDAuNDV2MjguOTU5YzAgMC4yNDgtMC4yMDIgMC40NS0wLjQ1IDAuNDVoLTI4Ljk1OWMtMC4yNDggMC0wLjQ1LTAuMjAyLTAuNDUtMC40NXYtMjguOTU5YzAtMC4yNDggMC4yMDItMC40NSAwLjQ1LTAuNDVoMjguOTU5ek0zOC40OCA4aC0yOC45NTljLTAuODQgMC0xLjUyIDAuNjgxLTEuNTIgMS41MjF2MjguOTU5YzAgMC44NCAwLjY4MSAxLjUyMSAxLjUyIDEuNTIxaDI4Ljk1OWMwLjg0IDAgMS41Mi0wLjY4MSAxLjUyLTEuNTIxdi0yOC45NTljMC0wLjg0LTAuNjgxLTEuNTIxLTEuNTItMS41MjF2MHoiIG9wYWNpdHk9IjEiIHZpc2liaWxpdHk9ImZhbHNlIiBmaWxsPSIjZDdkN2Q3Ij48L3BhdGg+Cgk8cGF0aCBkPSJNMTIuMjI4IDM1LjIyNHYtMy4zMjljMC0wLjE0NSAwLjA1OC0wLjI4NSAwLjE2LTAuMzg4bDUuNTg3LTUuNTg3YzAuMjE0LTAuMjE0IDAuNTYxLTAuMjE0IDAuNzc1IDBsMi4xMTkgMi4xMTljMC4yMTQgMC4yMTQgMC41NjEgMC4yMTQgMC43NzUgMGw4LjE5MS04LjE5MmMwLjIxNC0wLjIxNCAwLjU2MS0wLjIxNCAwLjc3NSAwbDUgNWMwLjEwMyAwLjEwMyAwLjE2IDAuMjQyIDAuMTYgMC4zODh2OS45ODhjMCAwLjMwMy0wLjI0NSAwLjU0OC0wLjU0OCAwLjU0OGgtMjIuNDQ3Yy0wLjMwMyAwLTAuNTQ4LTAuMjQ1LTAuNTQ4LTAuNTQ4eiIgb3BhY2l0eT0iMSIgdmlzaWJpbGl0eT0iZmFsc2UiIGZpbGw9IiNkN2Q3ZDciPjwvcGF0aD4KCTxwYXRoIGQ9Ik0yMS41NDQgMTcuOTY3YzAgMS45ODItMS42MDYgMy41ODgtMy41ODggMy41ODhzLTMuNTg4LTEuNjA2LTMuNTg4LTMuNTg4YzAtMS45ODEgMS42MDYtMy41ODggMy41ODgtMy41ODhzMy41ODggMS42MDYgMy41ODggMy41ODh6IiBvcGFjaXR5PSIxIiB2aXNpYmlsaXR5PSJmYWxzZSIgZmlsbD0iI2Q3ZDdkNyI+PC9wYXRoPgo8L3N2Zz4K" alt="Bubba Burger Smashed Original Beef Chuck Burgers - 8 ct Frozen 32 OZ BOX" class="product-grid-image object-contain product-grid-cell_main-image" skeleton-box-size="14rem"></div></a><div class="product-grid-cell_price-tag product-grid-cell_price-tag--full-tile"><div class="product-tile_detail"><div class="skeleton-loader_wrapper cursor-pointer"><!-- eslint-disable-next-line vuejs-accessibility/click-events-have-key-events --><div class="product-grid-cell_price-container"><span class="sr-only">Bubba Burger Smashed Original Beef Chuck Burgers - 8 ct Frozen</span><span class="product-grid-cell_main-price"><!--v-if--> $16.99</span><!--v-if--></div><!--v-if--></div><!--v-if--></div><button class="product-tile_detail-title"><div class="skeleton-loader_wrapper"><div class="product-grid-cell_name"><a id="product-name-367065-17497327348387323" class="product-grid-cell_name-text product-grid-cell_name-text--small product-grid-cell_name-text--clamp-2" href="https://stopandshop.com/product/bubba-burger-smashed-original-beef-chuck-burgers-8-ct-frozen-32-oz-box/367065" data-opens-modal="true" aria-haspopup="dialog"><!--v-if--> Bubba Burger Smashed Original Beef Chuck Burgers - 8 ct Frozen</a></div><!--v-if--><!--v-if--></div><div class="skeleton-loader_wrapper"><!-- eslint-disable-next-line vuejs-accessibility/click-events-have-key-events --><div class="product-grid-cell_sizes"><span class="product-grid-cell_size">32 OZ BOX</span><span aria-hidden="true"> | </span><!--v-if--><span class="product-grid-cell_unit">$8.49 /LB</span></div><!--v-if--></div><!--v-if--></button><div class="product-grid-cell_promo-name"><!--v-if--><!--v-if--><!--v-if--><!--v-if--><!--v-if--></div><!--v-if--><!--v-if--><!--v-if--><!--v-if--><div class="margin-top--one"><!--v-if--><div class="pdl-add-to-cart" coupon-clipped="false"><div class="pdl-add-to-cart_button"><button class="button button--add-to-cart" aria-label="Add to cart" data-product-id="367065" data-price="16.99">Add to cart <!--v-if--></button><!--v-if--><!--v-if--><!-- Swap n Save --><!--v-if--></div><!--v-if--></div><!--v-if--><!--v-if--></div><!--v-if--></div></div><!-- MOBILE VIEW --><!--v-if--><!-- This is for xxsmall devices --><div class="mobile-product-list-cell_bottom m-4 hidden"><div class="mobile-product-list-cell_bottom_cart-ui-wrapper"><!--v-if--><div class="pdl-add-to-cart" coupon-clipped="false"><div class="pdl-add-to-cart_button"><button class="button button--add-to-cart" aria-label="Add to cart" data-product-id="367065" data-price="16.99">Add to cart <!--v-if--></button><!--v-if--><!--v-if--><!-- Swap n Save --><!--v-if--></div><!--v-if--></div><!--v-if--><!--v-if--></div><!--v-if--></div><div class="product-tile_action-items" is-typeahead="false"><!--v-if--><!--v-if--><div class="shopping-list-menu_container"><div class="relative-el"><button class="button pdl-product-detail_top-icon button--fourth pdl-product-detail_top-icon--borderless" aria-label="add to shopping list" page-view="browse aisles" title=""><!--v-if--><div class="vector-icon-size--large"><svg xmlns="http://www.w3.org/2000/svg" class="vector-icon-color--dark-grey" aria-label="Shopping List Icon Add" viewBox="0 0 32 32" role="presentation" aria-hidden="true" focusable="false"><title lang="en">Shopping List Icon Add</title><desc></desc><g fill="" stroke=""><g><path d="M21.94066,15.3368884 L21.94066,12.8931995 C21.94066,12.3409148 22.3883752,11.8931995 22.94066,11.8931995 C23.4929447,11.8931995 23.94066,12.3409148 23.94066,12.8931995 L23.94066,15.3368884 L26.2522624,15.3368884 C26.8045471,15.3368884 27.2522624,15.7846037 27.2522624,16.3368884 C27.2522624,16.8891732 26.8045471,17.3368884 26.2522624,17.3368884 L23.94066,17.3368884 L23.94066,19.8787952 C23.94066,20.43108 23.4929447,20.8787952 22.94066,20.8787952 C22.3883752,20.8787952 21.94066,20.43108 21.94066,19.8787952 L21.94066,17.3368884 L19.2666667,17.3368884 C18.7143819,17.3368884 18.2666667,16.8891732 18.2666667,16.3368884 C18.2666667,15.7846037 18.7143819,15.3368884 19.2666667,15.3368884 L21.94066,15.3368884 Z M8,12 C7.44771525,12 7,11.5522847 7,11 C7,10.4477153 7.44771525,10 8,10 L19.1153581,10 C19.6676429,10 20.1153581,10.4477153 20.1153581,11 C20.1153581,11.5522847 19.6676429,12 19.1153581,12 L8,12 Z M8,17.3368884 C7.44771525,17.3368884 7,16.8891732 7,16.3368884 C7,15.7846037 7.44771525,15.3368884 8,15.3368884 L14.7200696,15.3368884 C15.2723543,15.3368884 15.7200696,15.7846037 15.7200696,16.3368884 C15.7200696,16.8891732 15.2723543,17.3368884 14.7200696,17.3368884 L8,17.3368884 Z M8,23 C7.44771525,23 7,22.5522847 7,22 C7,21.4477153 7.44771525,21 8,21 L19.1153581,21 C19.6676429,21 20.1153581,21.4477153 20.1153581,22 C20.1153581,22.5522847 19.6676429,23 19.1153581,23 L8,23 Z" fill="#000000" fill-rule="nonzero"></path></g></g></svg></div><div class="pdl-product-detail_list-tooltip"><p class="no-wrap">Sign in to add to shopping list</p><em></em></div></button></div></div></div><!--v-if--></li><!--v-if--></ul><!--v-if--><!--v-if--><!--v-if--><!--v-if--></div><div tabindex="-1" class="pdl-carousel_item zone-block_carousel-item" style="height: auto; width: 697px;"><ul class="product-list product-list-triple pt-0 pdl-carousel_content" islastslide="true" itemcountpriorslide="[object Object]" index="13" style="height: auto;"><!-- eslint-disable vuejs-accessibility/mouse-events-have-key-events --><li tabindex="-1" data-product-id="153892" class="tile product-cell product-grid-cell mb-0"><!--v-if--><!--v-if--><!--v-if--><div class="product-tile_content"><!--v-if--><a href="https://stopandshop.com/product/hebrew-national-100-kosher-jumbo-beef-franks-4-ct-12-oz-pkg/153892" aria-hidden="true" tabindex="-1"><div><!--v-if--><img src="data:image/svg+xml;base64,PD94bWwgdmVyc2lvbj0iMS4wIiBlbmNvZGluZz0idXRmLTgiPz4KPCEtLSBHZW5lcmF0ZWQgYnkgSWNvTW9vbi5pbyAtLT4KPCFET0NUWVBFIHN2ZyBQVUJMSUMgIi0vL1czQy8vRFREIFNWRyAxLjEvL0VOIiAiaHR0cDovL3d3dy53My5vcmcvR3JhcGhpY3MvU1ZHLzEuMS9EVEQvc3ZnMTEuZHRkIj4KPHN2ZyB2ZXJzaW9uPSIxLjEiIHhtbG5zPSJodHRwOi8vd3d3LnczLm9yZy8yMDAwL3N2ZyIgeG1sbnM6eGxpbms9Imh0dHA6Ly93d3cudzMub3JnLzE5OTkveGxpbmsiIHdpZHRoPSI0OCIgaGVpZ2h0PSI0OCIgdmlld0JveD0iMCAwIDQ4IDQ4Ij4KPGcgaWQ9Imljb21vb24taWdub3JlIj4KCTxsaW5lIHN0cm9rZS13aWR0aD0iMSIgeDE9IiIgeTE9IiIgeDI9IiIgeTI9IiIgc3Ryb2tlPSIjNDQ5RkRCIiBvcGFjaXR5PSIiPjwvbGluZT4KPC9nPgoJPHBhdGggZD0iTTM4LjQ4IDkuMDcwYzAuMjQ4IDAgMC40NSAwLjIwMiAwLjQ1IDAuNDV2MjguOTU5YzAgMC4yNDgtMC4yMDIgMC40NS0wLjQ1IDAuNDVoLTI4Ljk1OWMtMC4yNDggMC0wLjQ1LTAuMjAyLTAuNDUtMC40NXYtMjguOTU5YzAtMC4yNDggMC4yMDItMC40NSAwLjQ1LTAuNDVoMjguOTU5ek0zOC40OCA4aC0yOC45NTljLTAuODQgMC0xLjUyIDAuNjgxLTEuNTIgMS41MjF2MjguOTU5YzAgMC44NCAwLjY4MSAxLjUyMSAxLjUyIDEuNTIxaDI4Ljk1OWMwLjg0IDAgMS41Mi0wLjY4MSAxLjUyLTEuNTIxdi0yOC45NTljMC0wLjg0LTAuNjgxLTEuNTIxLTEuNTItMS41MjF2MHoiIG9wYWNpdHk9IjEiIHZpc2liaWxpdHk9ImZhbHNlIiBmaWxsPSIjZDdkN2Q3Ij48L3BhdGg+Cgk8cGF0aCBkPSJNMTIuMjI4IDM1LjIyNHYtMy4zMjljMC0wLjE0NSAwLjA1OC0wLjI4NSAwLjE2LTAuMzg4bDUuNTg3LTUuNTg3YzAuMjE0LTAuMjE0IDAuNTYxLTAuMjE0IDAuNzc1IDBsMi4xMTkgMi4xMTljMC4yMTQgMC4yMTQgMC41NjEgMC4yMTQgMC43NzUgMGw4LjE5MS04LjE5MmMwLjIxNC0wLjIxNCAwLjU2MS0wLjIxNCAwLjc3NSAwbDUgNWMwLjEwMyAwLjEwMyAwLjE2IDAuMjQyIDAuMTYgMC4zODh2OS45ODhjMCAwLjMwMy0wLjI0NSAwLjU0OC0wLjU0OCAwLjU0OGgtMjIuNDQ3Yy0wLjMwMyAwLTAuNTQ4LTAuMjQ1LTAuNTQ4LTAuNTQ4eiIgb3BhY2l0eT0iMSIgdmlzaWJpbGl0eT0iZmFsc2UiIGZpbGw9IiNkN2Q3ZDciPjwvcGF0aD4KCTxwYXRoIGQ9Ik0yMS41NDQgMTcuOTY3YzAgMS45ODItMS42MDYgMy41ODgtMy41ODggMy41ODhzLTMuNTg4LTEuNjA2LTMuNTg4LTMuNTg4YzAtMS45ODEgMS42MDYtMy41ODggMy41ODgtMy41ODhzMy41ODggMS42MDYgMy41ODggMy41ODh6IiBvcGFjaXR5PSIxIiB2aXNpYmlsaXR5PSJmYWxzZSIgZmlsbD0iI2Q3ZDdkNyI+PC9wYXRoPgo8L3N2Zz4K" alt="Hebrew National 100% Kosher Jumbo Beef Franks - 4 ct 12 OZ PKG" class="product-grid-image object-contain product-grid-cell_main-image" skeleton-box-size="14rem"></div></a><div class="product-grid-cell_price-tag product-grid-cell_price-tag--full-tile"><div class="product-tile_detail"><div class="skeleton-loader_wrapper cursor-pointer"><!-- eslint-disable-next-line vuejs-accessibility/click-events-have-key-events --><div class="product-grid-cell_price-container"><span class="sr-only">Hebrew National 100% Kosher Jumbo Beef Franks - 4 ct</span><span class="product-grid-cell_main-price"><!--v-if--> $6.99</span><!--v-if--></div><!--v-if--></div><!--v-if--></div><button class="product-tile_detail-title"><div class="skeleton-loader_wrapper"><div class="product-grid-cell_name"><a id="product-name-153892-17497327348398012" class="product-grid-cell_name-text product-grid-cell_name-text--small product-grid-cell_name-text--clamp-2" href="https://stopandshop.com/product/hebrew-national-100-kosher-jumbo-beef-franks-4-ct-12-oz-pkg/153892" data-opens-modal="true" aria-haspopup="dialog"><!--v-if--> Hebrew National 100% Kosher Jumbo Beef Franks - 4 ct</a></div><!--v-if--><!--v-if--></div><div class="skeleton-loader_wrapper"><!-- eslint-disable-next-line vuejs-accessibility/click-events-have-key-events --><div class="product-grid-cell_sizes"><span class="product-grid-cell_size">12 OZ PKG</span><span aria-hidden="true"> | </span><!--v-if--><span class="product-grid-cell_unit">$9.32 /LB</span></div><!--v-if--></div><!--v-if--></button><div class="product-grid-cell_promo-name"><!--v-if--><!--v-if--><!--v-if--><!--v-if--><!--v-if--></div><!--v-if--><!--v-if--><!--v-if--><!--v-if--><div class="margin-top--one"><!--v-if--><div class="pdl-add-to-cart" coupon-clipped="false"><div class="pdl-add-to-cart_button"><button class="button button--add-to-cart" aria-label="Add to cart" data-product-id="153892" data-price="6.99">Add to cart <!--v-if--></button><!--v-if--><!--v-if--><!-- Swap n Save --><!--v-if--></div><!--v-if--></div><!--v-if--><!--v-if--></div><!--v-if--></div></div><!-- MOBILE VIEW --><!--v-if--><!-- This is for xxsmall devices --><div class="mobile-product-list-cell_bottom m-4 hidden"><div class="mobile-product-list-cell_bottom_cart-ui-wrapper"><!--v-if--><div class="pdl-add-to-cart" coupon-clipped="false"><div class="pdl-add-to-cart_button"><button class="button button--add-to-cart" aria-label="Add to cart" data-product-id="153892" data-price="6.99">Add to cart <!--v-if--></button><!--v-if--><!--v-if--><!-- Swap n Save --><!--v-if--></div><!--v-if--></div><!--v-if--><!--v-if--></div><!--v-if--></div><div class="product-tile_action-items" is-typeahead="false"><!--v-if--><!--v-if--><div class="shopping-list-menu_container"><div class="relative-el"><button class="button pdl-product-detail_top-icon button--fourth pdl-product-detail_top-icon--borderless" aria-label="add to shopping list" page-view="browse aisles" title=""><!--v-if--><div class="vector-icon-size--large"><svg xmlns="http://www.w3.org/2000/svg" class="vector-icon-color--dark-grey" aria-label="Shopping List Icon Add" viewBox="0 0 32 32" role="presentation" aria-hidden="true" focusable="false"><title lang="en">Shopping List Icon Add</title><desc></desc><g fill="" stroke=""><g><path d="M21.94066,15.3368884 L21.94066,12.8931995 C21.94066,12.3409148 22.3883752,11.8931995 22.94066,11.8931995 C23.4929447,11.8931995 23.94066,12.3409148 23.94066,12.8931995 L23.94066,15.3368884 L26.2522624,15.3368884 C26.8045471,15.3368884 27.2522624,15.7846037 27.2522624,16.3368884 C27.2522624,16.8891732 26.8045471,17.3368884 26.2522624,17.3368884 L23.94066,17.3368884 L23.94066,19.8787952 C23.94066,20.43108 23.4929447,20.8787952 22.94066,20.8787952 C22.3883752,20.8787952 21.94066,20.43108 21.94066,19.8787952 L21.94066,17.3368884 L19.2666667,17.3368884 C18.7143819,17.3368884 18.2666667,16.8891732 18.2666667,16.3368884 C18.2666667,15.7846037 18.7143819,15.3368884 19.2666667,15.3368884 L21.94066,15.3368884 Z M8,12 C7.44771525,12 7,11.5522847 7,11 C7,10.4477153 7.44771525,10 8,10 L19.1153581,10 C19.6676429,10 20.1153581,10.4477153 20.1153581,11 C20.1153581,11.5522847 19.6676429,12 19.1153581,12 L8,12 Z M8,17.3368884 C7.44771525,17.3368884 7,16.8891732 7,16.3368884 C7,15.7846037 7.44771525,15.3368884 8,15.3368884 L14.7200696,15.3368884 C15.2723543,15.3368884 15.7200696,15.7846037 15.7200696,16.3368884 C15.7200696,16.8891732 15.2723543,17.3368884 14.7200696,17.3368884 L8,17.3368884 Z M8,23 C7.44771525,23 7,22.5522847 7,22 C7,21.4477153 7.44771525,21 8,21 L19.1153581,21 C19.6676429,21 20.1153581,21.4477153 20.1153581,22 C20.1153581,22.5522847 19.6676429,23 19.1153581,23 L8,23 Z" fill="#000000" fill-rule="nonzero"></path></g></g></svg></div><div class="pdl-product-detail_list-tooltip"><p class="no-wrap">Sign in to add to shopping list</p><em></em></div></button></div></div></div><!--v-if--></li><!--v-if--></ul><!--v-if--><!--v-if--><!--v-if--><!--v-if--></div></div></div></div></div><div class="pdl-carousel_row pdl-carousel_nav-items" style=""><!--v-if--><!--v-if--><ul class="pdl-carousel_nav"><li class="pdl-carousel_nav-item"><button aria-label="go to slide 1" class="button--reset pdl-carousel_nav-trigger pdl-carousel_nav-trigger--active pdl-carousel_nav-trigger--theme-2"></button></li><li class="pdl-carousel_nav-item"><button aria-label="go to slide 2" class="button--reset pdl-carousel_nav-trigger pdl-carousel_nav-trigger--theme-2"></button></li><li class="pdl-carousel_nav-item"><button aria-label="go to slide 3" class="button--reset pdl-carousel_nav-trigger pdl-carousel_nav-trigger--theme-2"></button></li><li class="pdl-carousel_nav-item"><button aria-label="go to slide 4" class="button--reset pdl-carousel_nav-trigger pdl-carousel_nav-trigger--theme-2"></button></li><li class="pdl-carousel_nav-item"><button aria-label="go to slide 5" class="button--reset pdl-carousel_nav-trigger pdl-carousel_nav-trigger--theme-2"></button></li></ul><!--v-if--></div></div></div></div></div><!--v-if--><!--v-if--></div></div></div></div><!--v-if--><!--v-if--><!--v-if--><!--v-if--><!--v-if--><!--v-if--><!--v-if--></div><!--v-if--><!--v-if--><!--v-if--><!--v-if--><!--v-if--><!--v-if--><!--v-if--><!--v-if--><!--v-if--><!--v-if--></div><div class="pdl-generic-content_full"><!--v-if--><!--v-if--><!--v-if--><!--v-if--><!--v-if--><!--v-if--><!--v-if--><!--v-if--><!--v-if--><!--v-if--><!--v-if--><!--v-if--><!--v-if--><!--v-if--><!--v-if--><!--v-if--><!--v-if--><!--v-if--><!--v-if--><!--v-if--><!--v-if--><!--v-if--><!--v-if--><!--v-if--><!--v-if--><!--v-if--><div class="pdl-generic-content_container--max pdl-generic-content_full"><!--v-if--><!--v-if--><!--v-if--><!--v-if--><!--v-if--><!--v-if--><div><div><div class="relative-el spyglass-nav-group_wrapper bannerx-test-id-category-banner-x pdl-generic-content_container--max" data-seq-id="bannerx-browse-aisles" role="region" aria-label="Sponsored Ad"><div class="flex items-center my-12 flex-col"><div class="flex cursor-pointer"><img src="./Browse Aisles - Meat _ Stop &amp; Shop_files/ea6469aa-5666-4653-9218-1cd1afdba477" alt="Creative features Smithfield, Eckrich, and Carando logos and recipe image is of bacon-wrapped meat and veggies" class="bg-cover bg-center border-none rounded-l-brand"><div class="border border-solid border-gray-100 rounded-r-brand border-l-none w-[36.4rem] h-[17rem]"><!-- {'w-[35.8rem]': isSuperSkinny && isMobile}, --><div class="flex h-full items-center ml-12"><!--v-if--><div class="flex flex-col"><span class="text-gray-900 font-bold text-2xl">Your next favorite spring cookout</span><!--v-if--><span class="text-gray-900 text-base leading-[2.2rem]">Bring more bacon goodness to the backyard</span><span class="flex text-primary group hover:transition-all text-base mt-4 font-semibold leading-[1.6rem]">Shop Now <div class="w-12 h-6 ml-2 pt-[.4rem] transition duration-150 ease-out group-hover:ease-in group-hover:translate-x-2 pt-[.4rem]"><svg xmlns="http://www.w3.org/2000/svg" class="vector-icon-color--prime" aria-label="Right Arrow" viewBox="0 0 32 32" role="presentation" aria-hidden="true" focusable="false"><title lang="en">Right Arrow</title><desc></desc><g fill="" stroke=""><path d="M13.9.3c-.4-.4-1-.4-1.4 0s-.4 1 0 1.4L14.8 4H1.7c-.6 0-1 .4-1 1s.4 1 1 1h13.1l-2.3 2.3c-.4.4-.4 1 0 1.4.4.4 1 .4 1.4 0l3.3-3.3c.8-.8.8-2 0-2.8L13.9.3z"></path></g></svg></div></span></div></div><!--v-if--></div></div><div class="flex justify-end mt-3.5 w-[72.8rem]"><span class="text-gray-600 text-xs leading-[1.2rem]">Sponsored</span></div></div><!--v-if--></div></div></div><!--v-if--><!--v-if--><!--v-if--><!--v-if--><!--v-if--><!--v-if--></div><!--v-if--><!--v-if--><!--v-if--><!--v-if--><!--v-if--><!--v-if--><!--v-if--><!--v-if--><!--v-if--><!--v-if--></div><div class="pdl-generic-content_full"><!--v-if--><!--v-if--><!--v-if--><!--v-if--><!--v-if--><!--v-if--><!--v-if--><!--v-if--><!--v-if--><!--v-if--><!--v-if--><!--v-if--><!--v-if--><!--v-if--><!--v-if--><!--v-if--><!--v-if--><!--v-if--><!--v-if--><!--v-if--><!--v-if--><!--v-if--><!--v-if--><!--v-if--><!--v-if--><div class="relative spyglass-nav-group_wrapper"><div class="" style="padding-top: 40px;"></div><!--v-if--></div><!--v-if--><!--v-if--><!--v-if--><!--v-if--><!--v-if--><!--v-if--><!--v-if--><!--v-if--><!--v-if--><!--v-if--><!--v-if--></div><div class=""><!--v-if--><!--v-if--><!--v-if--><!--v-if--><!--v-if--><!--v-if--><!--v-if--><!--v-if--><!--v-if--><!--v-if--><!--v-if--><!--v-if--><!--v-if--><!--v-if--><!--v-if--><!--v-if--><!--v-if--><!--v-if--><!--v-if--><!--v-if--><!--v-if--><!--v-if--><!--v-if--><!--v-if--><!--v-if--><!--v-if--><!--v-if--><!--v-if--><!--v-if--><!--v-if--><!--v-if--><!--v-if--><!--v-if--><!--v-if--><!--v-if--><!--v-if--><!--v-if--></div><div class=""><!--v-if--><!--v-if--><!--v-if--><!--v-if--><!--v-if--><!--v-if--><!--v-if--><!--v-if--><!--v-if--><!--v-if--><!--v-if--><!--v-if--><!--v-if--><!--v-if--><!--v-if--><!--v-if--><!--v-if--><!--v-if--><!--v-if--><!--v-if--><!--v-if--><!--v-if--><!--v-if--><!--v-if--><!--v-if--><!--v-if--><!--v-if--><!--v-if--><!--v-if--><!--v-if--><!--v-if--><!--v-if--><!--v-if--><!--v-if--><!--v-if--><!--v-if--><!--v-if--></div><div class=""><!--v-if--><!--v-if--><!--v-if--><!--v-if--><!--v-if--><!--v-if--><!--v-if--><!--v-if--><!--v-if--><!--v-if--><!--v-if--><!--v-if--><!--v-if--><!--v-if--><!--v-if--><!--v-if--><!--v-if--><!--v-if--><!--v-if--><!--v-if--><!--v-if--><!--v-if--><!--v-if--><!--v-if--><!--v-if--><!--v-if--><!--v-if--><!--v-if--><!--v-if--><!--v-if--><!--v-if--><!--v-if--><!--v-if--><!--v-if--><!--v-if--><!--v-if--><!--v-if--></div><div class=""><!--v-if--><!--v-if--><!--v-if--><!--v-if--><!--v-if--><!--v-if--><!--v-if--><!--v-if--><!--v-if--><!--v-if--><!--v-if--><!--v-if--><!--v-if--><!--v-if--><!--v-if--><!--v-if--><!--v-if--><!--v-if--><!--v-if--><!--v-if--><!--v-if--><!--v-if--><!--v-if--><!--v-if--><!--v-if--><!--v-if--><!--v-if--><!--v-if--><!--v-if--><!--v-if--><!--v-if--><!--v-if--><!--v-if--><!--v-if--><!--v-if--><!--v-if--><!--v-if--></div><div class="pdl-generic-content_full"><!--v-if--><!--v-if--><!--v-if--><!--v-if--><!--v-if--><!--v-if--><!--v-if--><!--v-if--><div><div class="px-4 py-0 container-lg mx-auto"><div class="simple-tile-carousel_content simple-tile-carousel_content--medium"><div class="pdl-carousel pdl-carousel--medium"><h2 class="sr-only">Inspiration</h2><div class="pdl-carousel_row" tabindex="0"><div class="pdl-carousel_body"><div id="carousel-buttons" class=""><button class="button--reset pdl-carousel_trigger pdl-carousel_trigger--prev" aria-label="Previous slide" style="display: none;"><span class="block pdl-carousel_trigger-icon"><svg xmlns="http://www.w3.org/2000/svg" class="" aria-label="Previous" viewBox="0 0 32 32" role="presentation" aria-hidden="true" focusable="false"><title lang="en">Previous</title><desc></desc><g fill="" stroke="black"><path fill="none" d="M19.485 24.97 11 16.486 19.485 8"></path></g></svg></span><!--v-if--></button><button aria-label="Next slide" class="button--reset pdl-carousel_trigger pdl-carousel_trigger--next"><span class="block pdl-carousel_trigger-icon"><svg xmlns="http://www.w3.org/2000/svg" class="" aria-label="Next" viewBox="0 0 32 32" role="presentation" aria-hidden="true" focusable="false"><title lang="en">Next</title><desc></desc><g fill="" stroke="black"><path fill="none" d="m13.242 7.758 8.486 8.485-8.486 8.485"></path></g></svg></span><!--v-if--></button></div><div class="mt-4 pdl-carousel_container" style="min-height: auto;"><div class="pdl-carousel_slider" style="transform: translateX(0px); height: auto; position: relative;"><div tabindex="-1" class="pdl-carousel_item simple-tile-carousel_carousel-item" style="height: auto; width: 697px;"><ul class="flex pt-8 mx-2 my-0 simple-tile-list w-full pdl-carousel_content" slide="[object Object],[object Object],[object Object]" viewsize="medium" islastslide="false" itemcountpriorslide="[object Object]" index="0" style="height: auto;"><li class="basis-auto simple-tile-list_item"><div class="text-center relative spyglass-nav-group_wrapper" role="region" aria-label="Beef"><!-- Simple Content with internalLink --><div class="simple-tile_box--shrink-size cursor-pointer mt-0 m-8" aria-label="Beef" tabindex="0" role="link"><div class="simple-content-tile_image-container--shrink-size relative h-60 mb-2 w-80"><img class="h-full m-full rounded border-solid border-0 border-gray-100" src="./Browse Aisles - Meat _ Stop &amp; Shop_files/F8HE1.jpg" alt="Beef"></div><div class="simple-tile_copy-container--shrink-size max-w-xs select-text"><!-- eslint-disable vue/no-v-html --><p>Beef</p></div></div><!-- Simple Content with external Link --><!--v-if--><!-- simple Content with video --><!--v-if--><!-- Non clickable simple tile--><!--v-if--><!-- Category simple tile--><!--v-if--><!--v-if--></div></li><li class="basis-auto simple-tile-list_item"><div class="text-center relative spyglass-nav-group_wrapper" role="region" aria-label="Chicken"><!-- Simple Content with internalLink --><div class="simple-tile_box--shrink-size cursor-pointer mt-0 m-8" aria-label="Chicken" tabindex="0" role="link"><div class="simple-content-tile_image-container--shrink-size relative h-60 mb-2 w-80"><img class="h-full m-full rounded border-solid border-0 border-gray-100" src="./Browse Aisles - Meat _ Stop &amp; Shop_files/QBMTI.jpg" alt="chicken sliced"></div><div class="simple-tile_copy-container--shrink-size max-w-xs select-text"><!-- eslint-disable vue/no-v-html --><p>Chicken</p></div></div><!-- Simple Content with external Link --><!--v-if--><!-- simple Content with video --><!--v-if--><!-- Non clickable simple tile--><!--v-if--><!-- Category simple tile--><!--v-if--><!--v-if--></div></li><li class="basis-auto simple-tile-list_item"><div class="text-center relative spyglass-nav-group_wrapper" role="region" aria-label="Pork &amp; Ham"><!-- Simple Content with internalLink --><div class="simple-tile_box--shrink-size cursor-pointer mt-0 m-8" aria-label="Pork &amp; Ham" tabindex="0" role="link"><div class="simple-content-tile_image-container--shrink-size relative h-60 mb-2 w-80"><img class="h-full m-full rounded border-solid border-0 border-gray-100" src="./Browse Aisles - Meat _ Stop &amp; Shop_files/35MWJ.jpg" alt="pork chops"></div><div class="simple-tile_copy-container--shrink-size max-w-xs select-text"><!-- eslint-disable vue/no-v-html --><p>Pork &amp; Ham</p></div></div><!-- Simple Content with external Link --><!--v-if--><!-- simple Content with video --><!--v-if--><!-- Non clickable simple tile--><!--v-if--><!-- Category simple tile--><!--v-if--><!--v-if--></div></li><li class="basis-auto simple-tile-list_item"><div class="text-center relative spyglass-nav-group_wrapper" role="region" aria-label="Bacon &amp; Breakfast Sausages"><!-- Simple Content with internalLink --><div class="simple-tile_box--shrink-size cursor-pointer mt-0 m-8" aria-label="Bacon &amp; Breakfast Sausages" tabindex="0" role="link"><div class="simple-content-tile_image-container--shrink-size relative h-60 mb-2 w-80"><img class="h-full m-full rounded border-solid border-0 border-gray-100" src="./Browse Aisles - Meat _ Stop &amp; Shop_files/4NOEG.jpg" alt="Bacon"></div><div class="simple-tile_copy-container--shrink-size max-w-xs select-text"><!-- eslint-disable vue/no-v-html --><p>Bacon &amp; Breakfast Sausages</p></div></div><!-- Simple Content with external Link --><!--v-if--><!-- simple Content with video --><!--v-if--><!-- Non clickable simple tile--><!--v-if--><!-- Category simple tile--><!--v-if--><!--v-if--></div></li></ul></div><div tabindex="-1" class="pdl-carousel_item simple-tile-carousel_carousel-item" style="height: auto; width: 697px;"><ul class="flex pt-8 mx-2 my-0 simple-tile-list w-full pdl-carousel_content" slide="[object Object]" viewsize="medium" islastslide="true" itemcountpriorslide="[object Object]" index="1" style="height: auto;"><li class="basis-auto simple-tile-list_item"><div class="text-center relative spyglass-nav-group_wrapper" role="region" aria-label="Beef"><!-- Simple Content with internalLink --><div class="simple-tile_box--shrink-size cursor-pointer mt-0 m-8" aria-label="Beef" tabindex="0" role="link"><div class="simple-content-tile_image-container--shrink-size relative h-60 mb-2 w-80"><img class="h-full m-full rounded border-solid border-0 border-gray-100" src="./Browse Aisles - Meat _ Stop &amp; Shop_files/F8HE1.jpg" alt="Beef"></div><div class="simple-tile_copy-container--shrink-size max-w-xs select-text"><!-- eslint-disable vue/no-v-html --><p>Beef</p></div></div><!-- Simple Content with external Link --><!--v-if--><!-- simple Content with video --><!--v-if--><!-- Non clickable simple tile--><!--v-if--><!-- Category simple tile--><!--v-if--><!--v-if--></div></li><li class="basis-auto simple-tile-list_item"><div class="text-center relative spyglass-nav-group_wrapper" role="region" aria-label="Chicken"><!-- Simple Content with internalLink --><div class="simple-tile_box--shrink-size cursor-pointer mt-0 m-8" aria-label="Chicken" tabindex="0" role="link"><div class="simple-content-tile_image-container--shrink-size relative h-60 mb-2 w-80"><img class="h-full m-full rounded border-solid border-0 border-gray-100" src="./Browse Aisles - Meat _ Stop &amp; Shop_files/QBMTI.jpg" alt="chicken sliced"></div><div class="simple-tile_copy-container--shrink-size max-w-xs select-text"><!-- eslint-disable vue/no-v-html --><p>Chicken</p></div></div><!-- Simple Content with external Link --><!--v-if--><!-- simple Content with video --><!--v-if--><!-- Non clickable simple tile--><!--v-if--><!-- Category simple tile--><!--v-if--><!--v-if--></div></li><li class="basis-auto simple-tile-list_item"><div class="text-center relative spyglass-nav-group_wrapper" role="region" aria-label="Pork &amp; Ham"><!-- Simple Content with internalLink --><div class="simple-tile_box--shrink-size cursor-pointer mt-0 m-8" aria-label="Pork &amp; Ham" tabindex="0" role="link"><div class="simple-content-tile_image-container--shrink-size relative h-60 mb-2 w-80"><img class="h-full m-full rounded border-solid border-0 border-gray-100" src="./Browse Aisles - Meat _ Stop &amp; Shop_files/35MWJ.jpg" alt="pork chops"></div><div class="simple-tile_copy-container--shrink-size max-w-xs select-text"><!-- eslint-disable vue/no-v-html --><p>Pork &amp; Ham</p></div></div><!-- Simple Content with external Link --><!--v-if--><!-- simple Content with video --><!--v-if--><!-- Non clickable simple tile--><!--v-if--><!-- Category simple tile--><!--v-if--><!--v-if--></div></li><li class="basis-auto simple-tile-list_item"><div class="text-center relative spyglass-nav-group_wrapper" role="region" aria-label="Bacon &amp; Breakfast Sausages"><!-- Simple Content with internalLink --><div class="simple-tile_box--shrink-size cursor-pointer mt-0 m-8" aria-label="Bacon &amp; Breakfast Sausages" tabindex="0" role="link"><div class="simple-content-tile_image-container--shrink-size relative h-60 mb-2 w-80"><img class="h-full m-full rounded border-solid border-0 border-gray-100" src="./Browse Aisles - Meat _ Stop &amp; Shop_files/4NOEG.jpg" alt="Bacon"></div><div class="simple-tile_copy-container--shrink-size max-w-xs select-text"><!-- eslint-disable vue/no-v-html --><p>Bacon &amp; Breakfast Sausages</p></div></div><!-- Simple Content with external Link --><!--v-if--><!-- simple Content with video --><!--v-if--><!-- Non clickable simple tile--><!--v-if--><!-- Category simple tile--><!--v-if--><!--v-if--></div></li></ul></div></div></div></div></div><!--v-if--></div></div></div></div><!--v-if--><!--v-if--><!--v-if--><!--v-if--><!--v-if--><!--v-if--><!--v-if--><!--v-if--><!--v-if--><!--v-if--><!--v-if--><!--v-if--><!--v-if--><!--v-if--><!--v-if--><!--v-if--><!--v-if--><!--v-if--><!--v-if--><!--v-if--><!--v-if--><!--v-if--><!--v-if--><!--v-if--><!--v-if--><!--v-if--><!--v-if--><!--v-if--></div><div class="pdl-generic-content_full"><!--v-if--><!--v-if--><!--v-if--><div class="product-view product-view-search" product-index="9"><div class="product-set spyglass-nav-group_wrapper pt-8"><!--v-if--><div class="overflow-hidden"><div class="product-list_wrapper"><hr class="product-list_header product-list_header--loading"></div><div class="tile-list tile-list--loading w-screen tile-list--triple mb-0"><ul class="flex tile-list_container--loading"><!-- eslint-disable vuejs-accessibility/mouse-events-have-key-events --><li tabindex="-1" data-product-id="1" class="tile product-cell product-grid-cell"><!--v-if--><!--v-if--><!--v-if--><div class="product-tile_content"><!--v-if--><a href="https://stopandshop.com/product/1" aria-hidden="true" tabindex="-1"><div><span aria-label="product is loading" data-test="pdl-skeleton-loader-box" class="skeleton-loader_box" style="height: 14rem; width: 14rem;"></span><!--v-if--></div></a><div class="product-grid-cell_price-tag product-grid-cell_price-tag--full-tile"><div class="product-tile_detail"><!--v-if--><!--v-if--></div><button class="product-tile_detail-title"><div class="skeleton-loader_wrapper"><!--v-if--><!--v-if--><span aria-label="product is loading" data-test="pdl-skeleton-loader-box" class="skeleton-loader_box" style="height: 1.6rem; width: 70%;"></span></div><div class="skeleton-loader_wrapper"><!--v-if--><span aria-label="product is loading" data-test="pdl-skeleton-loader-box" class="skeleton-loader_box" style="height: 1.6rem; width: 64%;"></span></div><!--v-if--></button><div class="product-grid-cell_promo-name"><!--v-if--><!--v-if--><!--v-if--><!--v-if--><!--v-if--></div><!--v-if--><!--v-if--><!--v-if--><!--v-if--><!--v-if--><div class="margin-top--one skeleton-loader_tile-button"><span aria-label="product is loading" data-test="pdl-skeleton-loader-box" class="skeleton-loader_box" style="height: 4.4rem; width: 100%;"></span></div></div></div><!-- MOBILE VIEW --><!--v-if--><!-- This is for xxsmall devices --><div class="mobile-product-list-cell_bottom m-4 hidden"><!--v-if--><span aria-label="product is loading" data-test="pdl-skeleton-loader-box" class="skeleton-loader_box" style="height: 4.4rem; width: 14rem;"></span></div><!--v-if--><!--v-if--></li><!-- eslint-disable vuejs-accessibility/mouse-events-have-key-events --><li tabindex="-1" data-product-id="2" class="tile product-cell product-grid-cell"><!--v-if--><!--v-if--><!--v-if--><div class="product-tile_content"><!--v-if--><a href="https://stopandshop.com/product/2" aria-hidden="true" tabindex="-1"><div><span aria-label="product is loading" data-test="pdl-skeleton-loader-box" class="skeleton-loader_box" style="height: 14rem; width: 14rem;"></span><!--v-if--></div></a><div class="product-grid-cell_price-tag product-grid-cell_price-tag--full-tile"><div class="product-tile_detail"><!--v-if--><!--v-if--></div><button class="product-tile_detail-title"><div class="skeleton-loader_wrapper"><!--v-if--><!--v-if--><span aria-label="product is loading" data-test="pdl-skeleton-loader-box" class="skeleton-loader_box" style="height: 1.6rem; width: 64%;"></span></div><div class="skeleton-loader_wrapper"><!--v-if--><span aria-label="product is loading" data-test="pdl-skeleton-loader-box" class="skeleton-loader_box" style="height: 1.6rem; width: 64%;"></span></div><!--v-if--></button><div class="product-grid-cell_promo-name"><!--v-if--><!--v-if--><!--v-if--><!--v-if--><!--v-if--></div><!--v-if--><!--v-if--><!--v-if--><!--v-if--><!--v-if--><div class="margin-top--one skeleton-loader_tile-button"><span aria-label="product is loading" data-test="pdl-skeleton-loader-box" class="skeleton-loader_box" style="height: 4.4rem; width: 100%;"></span></div></div></div><!-- MOBILE VIEW --><!--v-if--><!-- This is for xxsmall devices --><div class="mobile-product-list-cell_bottom m-4 hidden"><!--v-if--><span aria-label="product is loading" data-test="pdl-skeleton-loader-box" class="skeleton-loader_box" style="height: 4.4rem; width: 14rem;"></span></div><!--v-if--><!--v-if--></li><!-- eslint-disable vuejs-accessibility/mouse-events-have-key-events --><li tabindex="-1" data-product-id="3" class="tile product-cell product-grid-cell"><!--v-if--><!--v-if--><!--v-if--><div class="product-tile_content"><!--v-if--><a href="https://stopandshop.com/product/3" aria-hidden="true" tabindex="-1"><div><span aria-label="product is loading" data-test="pdl-skeleton-loader-box" class="skeleton-loader_box" style="height: 14rem; width: 14rem;"></span><!--v-if--></div></a><div class="product-grid-cell_price-tag product-grid-cell_price-tag--full-tile"><div class="product-tile_detail"><!--v-if--><!--v-if--></div><button class="product-tile_detail-title"><div class="skeleton-loader_wrapper"><!--v-if--><!--v-if--><span aria-label="product is loading" data-test="pdl-skeleton-loader-box" class="skeleton-loader_box" style="height: 1.6rem; width: 79%;"></span></div><div class="skeleton-loader_wrapper"><!--v-if--><span aria-label="product is loading" data-test="pdl-skeleton-loader-box" class="skeleton-loader_box" style="height: 1.6rem; width: 65%;"></span></div><!--v-if--></button><div class="product-grid-cell_promo-name"><!--v-if--><!--v-if--><!--v-if--><!--v-if--><!--v-if--></div><!--v-if--><!--v-if--><!--v-if--><!--v-if--><!--v-if--><div class="margin-top--one skeleton-loader_tile-button"><span aria-label="product is loading" data-test="pdl-skeleton-loader-box" class="skeleton-loader_box" style="height: 4.4rem; width: 100%;"></span></div></div></div><!-- MOBILE VIEW --><!--v-if--><!-- This is for xxsmall devices --><div class="mobile-product-list-cell_bottom m-4 hidden"><!--v-if--><span aria-label="product is loading" data-test="pdl-skeleton-loader-box" class="skeleton-loader_box" style="height: 4.4rem; width: 14rem;"></span></div><!--v-if--><!--v-if--></li><!-- eslint-disable vuejs-accessibility/mouse-events-have-key-events --><li tabindex="-1" data-product-id="4" class="tile product-cell product-grid-cell"><!--v-if--><!--v-if--><!--v-if--><div class="product-tile_content"><!--v-if--><a href="https://stopandshop.com/product/4" aria-hidden="true" tabindex="-1"><div><span aria-label="product is loading" data-test="pdl-skeleton-loader-box" class="skeleton-loader_box" style="height: 14rem; width: 14rem;"></span><!--v-if--></div></a><div class="product-grid-cell_price-tag product-grid-cell_price-tag--full-tile"><div class="product-tile_detail"><!--v-if--><!--v-if--></div><button class="product-tile_detail-title"><div class="skeleton-loader_wrapper"><!--v-if--><!--v-if--><span aria-label="product is loading" data-test="pdl-skeleton-loader-box" class="skeleton-loader_box" style="height: 1.6rem; width: 70%;"></span></div><div class="skeleton-loader_wrapper"><!--v-if--><span aria-label="product is loading" data-test="pdl-skeleton-loader-box" class="skeleton-loader_box" style="height: 1.6rem; width: 69%;"></span></div><!--v-if--></button><div class="product-grid-cell_promo-name"><!--v-if--><!--v-if--><!--v-if--><!--v-if--><!--v-if--></div><!--v-if--><!--v-if--><!--v-if--><!--v-if--><!--v-if--><div class="margin-top--one skeleton-loader_tile-button"><span aria-label="product is loading" data-test="pdl-skeleton-loader-box" class="skeleton-loader_box" style="height: 4.4rem; width: 100%;"></span></div></div></div><!-- MOBILE VIEW --><!--v-if--><!-- This is for xxsmall devices --><div class="mobile-product-list-cell_bottom m-4 hidden"><!--v-if--><span aria-label="product is loading" data-test="pdl-skeleton-loader-box" class="skeleton-loader_box" style="height: 4.4rem; width: 14rem;"></span></div><!--v-if--><!--v-if--></li><!-- eslint-disable vuejs-accessibility/mouse-events-have-key-events --><li tabindex="-1" data-product-id="5" class="tile product-cell product-grid-cell"><!--v-if--><!--v-if--><!--v-if--><div class="product-tile_content"><!--v-if--><a href="https://stopandshop.com/product/5" aria-hidden="true" tabindex="-1"><div><span aria-label="product is loading" data-test="pdl-skeleton-loader-box" class="skeleton-loader_box" style="height: 14rem; width: 14rem;"></span><!--v-if--></div></a><div class="product-grid-cell_price-tag product-grid-cell_price-tag--full-tile"><div class="product-tile_detail"><!--v-if--><!--v-if--></div><button class="product-tile_detail-title"><div class="skeleton-loader_wrapper"><!--v-if--><!--v-if--><span aria-label="product is loading" data-test="pdl-skeleton-loader-box" class="skeleton-loader_box" style="height: 1.6rem; width: 71%;"></span></div><div class="skeleton-loader_wrapper"><!--v-if--><span aria-label="product is loading" data-test="pdl-skeleton-loader-box" class="skeleton-loader_box" style="height: 1.6rem; width: 62%;"></span></div><!--v-if--></button><div class="product-grid-cell_promo-name"><!--v-if--><!--v-if--><!--v-if--><!--v-if--><!--v-if--></div><!--v-if--><!--v-if--><!--v-if--><!--v-if--><!--v-if--><div class="margin-top--one skeleton-loader_tile-button"><span aria-label="product is loading" data-test="pdl-skeleton-loader-box" class="skeleton-loader_box" style="height: 4.4rem; width: 100%;"></span></div></div></div><!-- MOBILE VIEW --><!--v-if--><!-- This is for xxsmall devices --><div class="mobile-product-list-cell_bottom m-4 hidden"><!--v-if--><span aria-label="product is loading" data-test="pdl-skeleton-loader-box" class="skeleton-loader_box" style="height: 4.4rem; width: 14rem;"></span></div><!--v-if--><!--v-if--></li></ul></div></div><!--v-if--><!--v-if--><!--v-if--></div></div><!--v-if--><!--v-if--><!--v-if--><!--v-if--><!--v-if--><!--v-if--><!--v-if--><!--v-if--><!--v-if--><!--v-if--><!--v-if--><!--v-if--><!--v-if--><!--v-if--><!--v-if--><!--v-if--><!--v-if--><!--v-if--><!--v-if--><!--v-if--><!--v-if--><!--v-if--><!--v-if--><!--v-if--><!--v-if--><!--v-if--><!--v-if--><!--v-if--><!--v-if--><!--v-if--><!--v-if--><!--v-if--><!--v-if--></div><div class="pdl-generic-content_full"><!--v-if--><!--v-if--><!--v-if--><div class="product-view product-view-search" product-index="10"><div class="product-set spyglass-nav-group_wrapper pt-8"><!--v-if--><div class="overflow-hidden"><div class="product-list_wrapper"><hr class="product-list_header product-list_header--loading"></div><div class="tile-list tile-list--loading w-screen tile-list--triple mb-0"><ul class="flex tile-list_container--loading"><!-- eslint-disable vuejs-accessibility/mouse-events-have-key-events --><li tabindex="-1" data-product-id="1" class="tile product-cell product-grid-cell"><!--v-if--><!--v-if--><!--v-if--><div class="product-tile_content"><!--v-if--><a href="https://stopandshop.com/product/1" aria-hidden="true" tabindex="-1"><div><span aria-label="product is loading" data-test="pdl-skeleton-loader-box" class="skeleton-loader_box" style="height: 14rem; width: 14rem;"></span><!--v-if--></div></a><div class="product-grid-cell_price-tag product-grid-cell_price-tag--full-tile"><div class="product-tile_detail"><!--v-if--><!--v-if--></div><button class="product-tile_detail-title"><div class="skeleton-loader_wrapper"><!--v-if--><!--v-if--><span aria-label="product is loading" data-test="pdl-skeleton-loader-box" class="skeleton-loader_box" style="height: 1.6rem; width: 76%;"></span></div><div class="skeleton-loader_wrapper"><!--v-if--><span aria-label="product is loading" data-test="pdl-skeleton-loader-box" class="skeleton-loader_box" style="height: 1.6rem; width: 67%;"></span></div><!--v-if--></button><div class="product-grid-cell_promo-name"><!--v-if--><!--v-if--><!--v-if--><!--v-if--><!--v-if--></div><!--v-if--><!--v-if--><!--v-if--><!--v-if--><!--v-if--><div class="margin-top--one skeleton-loader_tile-button"><span aria-label="product is loading" data-test="pdl-skeleton-loader-box" class="skeleton-loader_box" style="height: 4.4rem; width: 100%;"></span></div></div></div><!-- MOBILE VIEW --><!--v-if--><!-- This is for xxsmall devices --><div class="mobile-product-list-cell_bottom m-4 hidden"><!--v-if--><span aria-label="product is loading" data-test="pdl-skeleton-loader-box" class="skeleton-loader_box" style="height: 4.4rem; width: 14rem;"></span></div><!--v-if--><!--v-if--></li><!-- eslint-disable vuejs-accessibility/mouse-events-have-key-events --><li tabindex="-1" data-product-id="2" class="tile product-cell product-grid-cell"><!--v-if--><!--v-if--><!--v-if--><div class="product-tile_content"><!--v-if--><a href="https://stopandshop.com/product/2" aria-hidden="true" tabindex="-1"><div><span aria-label="product is loading" data-test="pdl-skeleton-loader-box" class="skeleton-loader_box" style="height: 14rem; width: 14rem;"></span><!--v-if--></div></a><div class="product-grid-cell_price-tag product-grid-cell_price-tag--full-tile"><div class="product-tile_detail"><!--v-if--><!--v-if--></div><button class="product-tile_detail-title"><div class="skeleton-loader_wrapper"><!--v-if--><!--v-if--><span aria-label="product is loading" data-test="pdl-skeleton-loader-box" class="skeleton-loader_box" style="height: 1.6rem; width: 65%;"></span></div><div class="skeleton-loader_wrapper"><!--v-if--><span aria-label="product is loading" data-test="pdl-skeleton-loader-box" class="skeleton-loader_box" style="height: 1.6rem; width: 65%;"></span></div><!--v-if--></button><div class="product-grid-cell_promo-name"><!--v-if--><!--v-if--><!--v-if--><!--v-if--><!--v-if--></div><!--v-if--><!--v-if--><!--v-if--><!--v-if--><!--v-if--><div class="margin-top--one skeleton-loader_tile-button"><span aria-label="product is loading" data-test="pdl-skeleton-loader-box" class="skeleton-loader_box" style="height: 4.4rem; width: 100%;"></span></div></div></div><!-- MOBILE VIEW --><!--v-if--><!-- This is for xxsmall devices --><div class="mobile-product-list-cell_bottom m-4 hidden"><!--v-if--><span aria-label="product is loading" data-test="pdl-skeleton-loader-box" class="skeleton-loader_box" style="height: 4.4rem; width: 14rem;"></span></div><!--v-if--><!--v-if--></li><!-- eslint-disable vuejs-accessibility/mouse-events-have-key-events --><li tabindex="-1" data-product-id="3" class="tile product-cell product-grid-cell"><!--v-if--><!--v-if--><!--v-if--><div class="product-tile_content"><!--v-if--><a href="https://stopandshop.com/product/3" aria-hidden="true" tabindex="-1"><div><span aria-label="product is loading" data-test="pdl-skeleton-loader-box" class="skeleton-loader_box" style="height: 14rem; width: 14rem;"></span><!--v-if--></div></a><div class="product-grid-cell_price-tag product-grid-cell_price-tag--full-tile"><div class="product-tile_detail"><!--v-if--><!--v-if--></div><button class="product-tile_detail-title"><div class="skeleton-loader_wrapper"><!--v-if--><!--v-if--><span aria-label="product is loading" data-test="pdl-skeleton-loader-box" class="skeleton-loader_box" style="height: 1.6rem; width: 67%;"></span></div><div class="skeleton-loader_wrapper"><!--v-if--><span aria-label="product is loading" data-test="pdl-skeleton-loader-box" class="skeleton-loader_box" style="height: 1.6rem; width: 67%;"></span></div><!--v-if--></button><div class="product-grid-cell_promo-name"><!--v-if--><!--v-if--><!--v-if--><!--v-if--><!--v-if--></div><!--v-if--><!--v-if--><!--v-if--><!--v-if--><!--v-if--><div class="margin-top--one skeleton-loader_tile-button"><span aria-label="product is loading" data-test="pdl-skeleton-loader-box" class="skeleton-loader_box" style="height: 4.4rem; width: 100%;"></span></div></div></div><!-- MOBILE VIEW --><!--v-if--><!-- This is for xxsmall devices --><div class="mobile-product-list-cell_bottom m-4 hidden"><!--v-if--><span aria-label="product is loading" data-test="pdl-skeleton-loader-box" class="skeleton-loader_box" style="height: 4.4rem; width: 14rem;"></span></div><!--v-if--><!--v-if--></li><!-- eslint-disable vuejs-accessibility/mouse-events-have-key-events --><li tabindex="-1" data-product-id="4" class="tile product-cell product-grid-cell"><!--v-if--><!--v-if--><!--v-if--><div class="product-tile_content"><!--v-if--><a href="https://stopandshop.com/product/4" aria-hidden="true" tabindex="-1"><div><span aria-label="product is loading" data-test="pdl-skeleton-loader-box" class="skeleton-loader_box" style="height: 14rem; width: 14rem;"></span><!--v-if--></div></a><div class="product-grid-cell_price-tag product-grid-cell_price-tag--full-tile"><div class="product-tile_detail"><!--v-if--><!--v-if--></div><button class="product-tile_detail-title"><div class="skeleton-loader_wrapper"><!--v-if--><!--v-if--><span aria-label="product is loading" data-test="pdl-skeleton-loader-box" class="skeleton-loader_box" style="height: 1.6rem; width: 60%;"></span></div><div class="skeleton-loader_wrapper"><!--v-if--><span aria-label="product is loading" data-test="pdl-skeleton-loader-box" class="skeleton-loader_box" style="height: 1.6rem; width: 62%;"></span></div><!--v-if--></button><div class="product-grid-cell_promo-name"><!--v-if--><!--v-if--><!--v-if--><!--v-if--><!--v-if--></div><!--v-if--><!--v-if--><!--v-if--><!--v-if--><!--v-if--><div class="margin-top--one skeleton-loader_tile-button"><span aria-label="product is loading" data-test="pdl-skeleton-loader-box" class="skeleton-loader_box" style="height: 4.4rem; width: 100%;"></span></div></div></div><!-- MOBILE VIEW --><!--v-if--><!-- This is for xxsmall devices --><div class="mobile-product-list-cell_bottom m-4 hidden"><!--v-if--><span aria-label="product is loading" data-test="pdl-skeleton-loader-box" class="skeleton-loader_box" style="height: 4.4rem; width: 14rem;"></span></div><!--v-if--><!--v-if--></li><!-- eslint-disable vuejs-accessibility/mouse-events-have-key-events --><li tabindex="-1" data-product-id="5" class="tile product-cell product-grid-cell"><!--v-if--><!--v-if--><!--v-if--><div class="product-tile_content"><!--v-if--><a href="https://stopandshop.com/product/5" aria-hidden="true" tabindex="-1"><div><span aria-label="product is loading" data-test="pdl-skeleton-loader-box" class="skeleton-loader_box" style="height: 14rem; width: 14rem;"></span><!--v-if--></div></a><div class="product-grid-cell_price-tag product-grid-cell_price-tag--full-tile"><div class="product-tile_detail"><!--v-if--><!--v-if--></div><button class="product-tile_detail-title"><div class="skeleton-loader_wrapper"><!--v-if--><!--v-if--><span aria-label="product is loading" data-test="pdl-skeleton-loader-box" class="skeleton-loader_box" style="height: 1.6rem; width: 65%;"></span></div><div class="skeleton-loader_wrapper"><!--v-if--><span aria-label="product is loading" data-test="pdl-skeleton-loader-box" class="skeleton-loader_box" style="height: 1.6rem; width: 64%;"></span></div><!--v-if--></button><div class="product-grid-cell_promo-name"><!--v-if--><!--v-if--><!--v-if--><!--v-if--><!--v-if--></div><!--v-if--><!--v-if--><!--v-if--><!--v-if--><!--v-if--><div class="margin-top--one skeleton-loader_tile-button"><span aria-label="product is loading" data-test="pdl-skeleton-loader-box" class="skeleton-loader_box" style="height: 4.4rem; width: 100%;"></span></div></div></div><!-- MOBILE VIEW --><!--v-if--><!-- This is for xxsmall devices --><div class="mobile-product-list-cell_bottom m-4 hidden"><!--v-if--><span aria-label="product is loading" data-test="pdl-skeleton-loader-box" class="skeleton-loader_box" style="height: 4.4rem; width: 14rem;"></span></div><!--v-if--><!--v-if--></li></ul></div></div><!--v-if--><!--v-if--><!--v-if--></div></div><!--v-if--><!--v-if--><!--v-if--><!--v-if--><!--v-if--><!--v-if--><!--v-if--><!--v-if--><!--v-if--><!--v-if--><!--v-if--><!--v-if--><!--v-if--><!--v-if--><!--v-if--><!--v-if--><!--v-if--><!--v-if--><!--v-if--><!--v-if--><!--v-if--><!--v-if--><!--v-if--><!--v-if--><!--v-if--><!--v-if--><!--v-if--><!--v-if--><!--v-if--><!--v-if--><!--v-if--><!--v-if--><!--v-if--></div><div class="pdl-generic-content_full"><!--v-if--><!--v-if--><!--v-if--><!--v-if--><!--v-if--><!--v-if--><!--v-if--><!--v-if--><!--v-if--><!--v-if--><!--v-if--><!--v-if--><!--v-if--><!--v-if--><!--v-if--><!--v-if--><!--v-if--><!--v-if--><!--v-if--><!--v-if--><!--v-if--><!--v-if--><!--v-if--><!--v-if--><!--v-if--><div class="relative spyglass-nav-group_wrapper"><div class="" style="padding-top: 40px;"></div><!--v-if--></div><!--v-if--><!--v-if--><!--v-if--><!--v-if--><!--v-if--><!--v-if--><!--v-if--><!--v-if--><!--v-if--><!--v-if--><!--v-if--></div><div class=""><!--v-if--><!--v-if--><!--v-if--><!--v-if--><!--v-if--><!--v-if--><!--v-if--><!--v-if--><!--v-if--><!--v-if--><!--v-if--><!--v-if--><!--v-if--><!--v-if--><!--v-if--><!--v-if--><!--v-if--><!--v-if--><!--v-if--><!--v-if--><!--v-if--><!--v-if--><!--v-if--><!--v-if--><!--v-if--><!--v-if--><!--v-if--><!--v-if--><!--v-if--><!--v-if--><!--v-if--><!--v-if--><!--v-if--><!--v-if--><!--v-if--><!--v-if--><!--v-if--></div><div class=""><!--v-if--><!--v-if--><!--v-if--><!--v-if--><!--v-if--><!--v-if--><!--v-if--><!--v-if--><!--v-if--><!--v-if--><!--v-if--><!--v-if--><!--v-if--><!--v-if--><!--v-if--><!--v-if--><!--v-if--><!--v-if--><!--v-if--><!--v-if--><!--v-if--><!--v-if--><!--v-if--><!--v-if--><!--v-if--><!--v-if--><!--v-if--><!--v-if--><!--v-if--><!--v-if--><!--v-if--><!--v-if--><!--v-if--><!--v-if--><!--v-if--><!--v-if--><!--v-if--></div><div class=""><!--v-if--><!--v-if--><!--v-if--><!--v-if--><!--v-if--><!--v-if--><!--v-if--><!--v-if--><!--v-if--><!--v-if--><!--v-if--><!--v-if--><!--v-if--><!--v-if--><!--v-if--><!--v-if--><!--v-if--><!--v-if--><!--v-if--><!--v-if--><!--v-if--><!--v-if--><!--v-if--><!--v-if--><!--v-if--><!--v-if--><!--v-if--><!--v-if--><!--v-if--><!--v-if--><!--v-if--><!--v-if--><!--v-if--><!--v-if--><!--v-if--><!--v-if--><!--v-if--></div><div class="pdl-generic-content_full"><!--v-if--><!--v-if--><!--v-if--><!--v-if--><!--v-if--><!--v-if--><!--v-if--><!--v-if--><div><div class="px-4 py-0 container-lg mx-auto"><div class="simple-tile-carousel_content simple-tile-carousel_content--medium"><div class="pdl-carousel pdl-carousel--medium"><h2 class="sr-only">Inspiration</h2><div class="pdl-carousel_row" tabindex="0"><div class="pdl-carousel_body"><div id="carousel-buttons" class=""><button class="button--reset pdl-carousel_trigger pdl-carousel_trigger--prev" aria-label="Previous slide" style="display: none;"><span class="block pdl-carousel_trigger-icon"><svg xmlns="http://www.w3.org/2000/svg" class="" aria-label="Previous" viewBox="0 0 32 32" role="presentation" aria-hidden="true" focusable="false"><title lang="en">Previous</title><desc></desc><g fill="" stroke="black"><path fill="none" d="M19.485 24.97 11 16.486 19.485 8"></path></g></svg></span><!--v-if--></button><button aria-label="Next slide" class="button--reset pdl-carousel_trigger pdl-carousel_trigger--next"><span class="block pdl-carousel_trigger-icon"><svg xmlns="http://www.w3.org/2000/svg" class="" aria-label="Next" viewBox="0 0 32 32" role="presentation" aria-hidden="true" focusable="false"><title lang="en">Next</title><desc></desc><g fill="" stroke="black"><path fill="none" d="m13.242 7.758 8.486 8.485-8.486 8.485"></path></g></svg></span><!--v-if--></button></div><div class="mt-4 pdl-carousel_container" style="min-height: auto;"><div class="pdl-carousel_slider" style="transform: translateX(0px); height: auto; position: relative;"><div tabindex="-1" class="pdl-carousel_item simple-tile-carousel_carousel-item" style="height: auto; width: 697px;"><ul class="flex pt-8 mx-2 my-0 simple-tile-list w-full pdl-carousel_content" slide="[object Object],[object Object],[object Object]" viewsize="medium" islastslide="false" itemcountpriorslide="[object Object]" index="0" style="height: auto;"><li class="basis-auto simple-tile-list_item"><div class="text-center relative spyglass-nav-group_wrapper" role="region" aria-label="Ground Meat &amp; Burgers"><!-- Simple Content with internalLink --><div class="simple-tile_box--shrink-size cursor-pointer mt-0 m-8" aria-label="Ground Meat &amp; Burgers" tabindex="0" role="link"><div class="simple-content-tile_image-container--shrink-size relative h-60 mb-2 w-80"><img class="h-full m-full rounded border-solid border-0 border-gray-100" src="./Browse Aisles - Meat _ Stop &amp; Shop_files/FYZ9K.jpg" alt="burgers"></div><div class="simple-tile_copy-container--shrink-size max-w-xs select-text"><!-- eslint-disable vue/no-v-html --><p>Ground Meat &amp; Burgers</p></div></div><!-- Simple Content with external Link --><!--v-if--><!-- simple Content with video --><!--v-if--><!-- Non clickable simple tile--><!--v-if--><!-- Category simple tile--><!--v-if--><!--v-if--></div></li><li class="basis-auto simple-tile-list_item"><div class="text-center relative spyglass-nav-group_wrapper" role="region" aria-label="Hot Dogs &amp; Sausages"><!-- Simple Content with internalLink --><div class="simple-tile_box--shrink-size cursor-pointer mt-0 m-8" aria-label="Hot Dogs &amp; Sausages" tabindex="0" role="link"><div class="simple-content-tile_image-container--shrink-size relative h-60 mb-2 w-80"><img class="h-full m-full rounded border-solid border-0 border-gray-100" src="./Browse Aisles - Meat _ Stop &amp; Shop_files/NZU26.jpg" alt="hot dogs prepped"></div><div class="simple-tile_copy-container--shrink-size max-w-xs select-text"><!-- eslint-disable vue/no-v-html --><p>Hot Dogs &amp; Sausages</p></div></div><!-- Simple Content with external Link --><!--v-if--><!-- simple Content with video --><!--v-if--><!-- Non clickable simple tile--><!--v-if--><!-- Category simple tile--><!--v-if--><!--v-if--></div></li><li class="basis-auto simple-tile-list_item"><div class="text-center relative spyglass-nav-group_wrapper" role="region" aria-label="Frozen Meat"><!-- Simple Content with internalLink --><div class="simple-tile_box--shrink-size cursor-pointer mt-0 m-8" aria-label="Frozen Meat" tabindex="0" role="link"><div class="simple-content-tile_image-container--shrink-size relative h-60 mb-2 w-80"><img class="h-full m-full rounded border-solid border-0 border-gray-100" src="./Browse Aisles - Meat _ Stop &amp; Shop_files/B5JKL.jpg" alt=""></div><div class="simple-tile_copy-container--shrink-size max-w-xs select-text"><!-- eslint-disable vue/no-v-html --><p>Frozen Meat</p></div></div><!-- Simple Content with external Link --><!--v-if--><!-- simple Content with video --><!--v-if--><!-- Non clickable simple tile--><!--v-if--><!-- Category simple tile--><!--v-if--><!--v-if--></div></li><li class="basis-auto simple-tile-list_item"><div class="text-center relative spyglass-nav-group_wrapper" role="region" aria-label="Prepared Meat"><!-- Simple Content with internalLink --><div class="simple-tile_box--shrink-size cursor-pointer mt-0 m-8" aria-label="Prepared Meat" tabindex="0" role="link"><div class="simple-content-tile_image-container--shrink-size relative h-60 mb-2 w-80"><img class="h-full m-full rounded border-solid border-0 border-gray-100" src="./Browse Aisles - Meat _ Stop &amp; Shop_files/GLZ8S.jpg" alt=" "></div><div class="simple-tile_copy-container--shrink-size max-w-xs select-text"><!-- eslint-disable vue/no-v-html --><p>Prepared Meat</p></div></div><!-- Simple Content with external Link --><!--v-if--><!-- simple Content with video --><!--v-if--><!-- Non clickable simple tile--><!--v-if--><!-- Category simple tile--><!--v-if--><!--v-if--></div></li></ul></div><div tabindex="-1" class="pdl-carousel_item simple-tile-carousel_carousel-item" style="height: auto; width: 697px;"><ul class="flex pt-8 mx-2 my-0 simple-tile-list w-full pdl-carousel_content" slide="[object Object]" viewsize="medium" islastslide="true" itemcountpriorslide="[object Object]" index="1" style="height: auto;"><li class="basis-auto simple-tile-list_item"><div class="text-center relative spyglass-nav-group_wrapper" role="region" aria-label="Ground Meat &amp; Burgers"><!-- Simple Content with internalLink --><div class="simple-tile_box--shrink-size cursor-pointer mt-0 m-8" aria-label="Ground Meat &amp; Burgers" tabindex="0" role="link"><div class="simple-content-tile_image-container--shrink-size relative h-60 mb-2 w-80"><img class="h-full m-full rounded border-solid border-0 border-gray-100" src="./Browse Aisles - Meat _ Stop &amp; Shop_files/FYZ9K.jpg" alt="burgers"></div><div class="simple-tile_copy-container--shrink-size max-w-xs select-text"><!-- eslint-disable vue/no-v-html --><p>Ground Meat &amp; Burgers</p></div></div><!-- Simple Content with external Link --><!--v-if--><!-- simple Content with video --><!--v-if--><!-- Non clickable simple tile--><!--v-if--><!-- Category simple tile--><!--v-if--><!--v-if--></div></li><li class="basis-auto simple-tile-list_item"><div class="text-center relative spyglass-nav-group_wrapper" role="region" aria-label="Hot Dogs &amp; Sausages"><!-- Simple Content with internalLink --><div class="simple-tile_box--shrink-size cursor-pointer mt-0 m-8" aria-label="Hot Dogs &amp; Sausages" tabindex="0" role="link"><div class="simple-content-tile_image-container--shrink-size relative h-60 mb-2 w-80"><img class="h-full m-full rounded border-solid border-0 border-gray-100" src="./Browse Aisles - Meat _ Stop &amp; Shop_files/NZU26.jpg" alt="hot dogs prepped"></div><div class="simple-tile_copy-container--shrink-size max-w-xs select-text"><!-- eslint-disable vue/no-v-html --><p>Hot Dogs &amp; Sausages</p></div></div><!-- Simple Content with external Link --><!--v-if--><!-- simple Content with video --><!--v-if--><!-- Non clickable simple tile--><!--v-if--><!-- Category simple tile--><!--v-if--><!--v-if--></div></li><li class="basis-auto simple-tile-list_item"><div class="text-center relative spyglass-nav-group_wrapper" role="region" aria-label="Frozen Meat"><!-- Simple Content with internalLink --><div class="simple-tile_box--shrink-size cursor-pointer mt-0 m-8" aria-label="Frozen Meat" tabindex="0" role="link"><div class="simple-content-tile_image-container--shrink-size relative h-60 mb-2 w-80"><img class="h-full m-full rounded border-solid border-0 border-gray-100" src="./Browse Aisles - Meat _ Stop &amp; Shop_files/B5JKL.jpg" alt=""></div><div class="simple-tile_copy-container--shrink-size max-w-xs select-text"><!-- eslint-disable vue/no-v-html --><p>Frozen Meat</p></div></div><!-- Simple Content with external Link --><!--v-if--><!-- simple Content with video --><!--v-if--><!-- Non clickable simple tile--><!--v-if--><!-- Category simple tile--><!--v-if--><!--v-if--></div></li><li class="basis-auto simple-tile-list_item"><div class="text-center relative spyglass-nav-group_wrapper" role="region" aria-label="Prepared Meat"><!-- Simple Content with internalLink --><div class="simple-tile_box--shrink-size cursor-pointer mt-0 m-8" aria-label="Prepared Meat" tabindex="0" role="link"><div class="simple-content-tile_image-container--shrink-size relative h-60 mb-2 w-80"><img class="h-full m-full rounded border-solid border-0 border-gray-100" src="./Browse Aisles - Meat _ Stop &amp; Shop_files/GLZ8S.jpg" alt=" "></div><div class="simple-tile_copy-container--shrink-size max-w-xs select-text"><!-- eslint-disable vue/no-v-html --><p>Prepared Meat</p></div></div><!-- Simple Content with external Link --><!--v-if--><!-- simple Content with video --><!--v-if--><!-- Non clickable simple tile--><!--v-if--><!-- Category simple tile--><!--v-if--><!--v-if--></div></li></ul></div></div></div></div></div><!--v-if--></div></div></div></div><!--v-if--><!--v-if--><!--v-if--><!--v-if--><!--v-if--><!--v-if--><!--v-if--><!--v-if--><!--v-if--><!--v-if--><!--v-if--><!--v-if--><!--v-if--><!--v-if--><!--v-if--><!--v-if--><!--v-if--><!--v-if--><!--v-if--><!--v-if--><!--v-if--><!--v-if--><!--v-if--><!--v-if--><!--v-if--><!--v-if--><!--v-if--><!--v-if--></div><div class=""><!--v-if--><!--v-if--><!--v-if--><!--v-if--><!--v-if--><!--v-if--><!--v-if--><!--v-if--><!--v-if--><!--v-if--><!--v-if--><!--v-if--><!--v-if--><!--v-if--><!--v-if--><!--v-if--><!--v-if--><!--v-if--><!--v-if--><!--v-if--><!--v-if--><!--v-if--><!--v-if--><!--v-if--><!--v-if--><!--v-if--><!--v-if--><!--v-if--><!--v-if--><!--v-if--><!--v-if--><!--v-if--><!--v-if--><!--v-if--><!--v-if--><!--v-if--><!--v-if--></div><div class="pdl-generic-content_full"><!--v-if--><!--v-if--><!--v-if--><div class="product-view product-view-search" product-index="17"><div class="product-set spyglass-nav-group_wrapper pt-8"><!--v-if--><div class="overflow-hidden"><div class="product-list_wrapper"><hr class="product-list_header product-list_header--loading"></div><div class="tile-list tile-list--loading w-screen tile-list--triple mb-0"><ul class="flex tile-list_container--loading"><!-- eslint-disable vuejs-accessibility/mouse-events-have-key-events --><li tabindex="-1" data-product-id="1" class="tile product-cell product-grid-cell"><!--v-if--><!--v-if--><!--v-if--><div class="product-tile_content"><!--v-if--><a href="https://stopandshop.com/product/1" aria-hidden="true" tabindex="-1"><div><span aria-label="product is loading" data-test="pdl-skeleton-loader-box" class="skeleton-loader_box" style="height: 14rem; width: 14rem;"></span><!--v-if--></div></a><div class="product-grid-cell_price-tag product-grid-cell_price-tag--full-tile"><div class="product-tile_detail"><!--v-if--><!--v-if--></div><button class="product-tile_detail-title"><div class="skeleton-loader_wrapper"><!--v-if--><!--v-if--><span aria-label="product is loading" data-test="pdl-skeleton-loader-box" class="skeleton-loader_box" style="height: 1.6rem; width: 69%;"></span></div><div class="skeleton-loader_wrapper"><!--v-if--><span aria-label="product is loading" data-test="pdl-skeleton-loader-box" class="skeleton-loader_box" style="height: 1.6rem; width: 61%;"></span></div><!--v-if--></button><div class="product-grid-cell_promo-name"><!--v-if--><!--v-if--><!--v-if--><!--v-if--><!--v-if--></div><!--v-if--><!--v-if--><!--v-if--><!--v-if--><!--v-if--><div class="margin-top--one skeleton-loader_tile-button"><span aria-label="product is loading" data-test="pdl-skeleton-loader-box" class="skeleton-loader_box" style="height: 4.4rem; width: 100%;"></span></div></div></div><!-- MOBILE VIEW --><!--v-if--><!-- This is for xxsmall devices --><div class="mobile-product-list-cell_bottom m-4 hidden"><!--v-if--><span aria-label="product is loading" data-test="pdl-skeleton-loader-box" class="skeleton-loader_box" style="height: 4.4rem; width: 14rem;"></span></div><!--v-if--><!--v-if--></li><!-- eslint-disable vuejs-accessibility/mouse-events-have-key-events --><li tabindex="-1" data-product-id="2" class="tile product-cell product-grid-cell"><!--v-if--><!--v-if--><!--v-if--><div class="product-tile_content"><!--v-if--><a href="https://stopandshop.com/product/2" aria-hidden="true" tabindex="-1"><div><span aria-label="product is loading" data-test="pdl-skeleton-loader-box" class="skeleton-loader_box" style="height: 14rem; width: 14rem;"></span><!--v-if--></div></a><div class="product-grid-cell_price-tag product-grid-cell_price-tag--full-tile"><div class="product-tile_detail"><!--v-if--><!--v-if--></div><button class="product-tile_detail-title"><div class="skeleton-loader_wrapper"><!--v-if--><!--v-if--><span aria-label="product is loading" data-test="pdl-skeleton-loader-box" class="skeleton-loader_box" style="height: 1.6rem; width: 65%;"></span></div><div class="skeleton-loader_wrapper"><!--v-if--><span aria-label="product is loading" data-test="pdl-skeleton-loader-box" class="skeleton-loader_box" style="height: 1.6rem; width: 64%;"></span></div><!--v-if--></button><div class="product-grid-cell_promo-name"><!--v-if--><!--v-if--><!--v-if--><!--v-if--><!--v-if--></div><!--v-if--><!--v-if--><!--v-if--><!--v-if--><!--v-if--><div class="margin-top--one skeleton-loader_tile-button"><span aria-label="product is loading" data-test="pdl-skeleton-loader-box" class="skeleton-loader_box" style="height: 4.4rem; width: 100%;"></span></div></div></div><!-- MOBILE VIEW --><!--v-if--><!-- This is for xxsmall devices --><div class="mobile-product-list-cell_bottom m-4 hidden"><!--v-if--><span aria-label="product is loading" data-test="pdl-skeleton-loader-box" class="skeleton-loader_box" style="height: 4.4rem; width: 14rem;"></span></div><!--v-if--><!--v-if--></li><!-- eslint-disable vuejs-accessibility/mouse-events-have-key-events --><li tabindex="-1" data-product-id="3" class="tile product-cell product-grid-cell"><!--v-if--><!--v-if--><!--v-if--><div class="product-tile_content"><!--v-if--><a href="https://stopandshop.com/product/3" aria-hidden="true" tabindex="-1"><div><span aria-label="product is loading" data-test="pdl-skeleton-loader-box" class="skeleton-loader_box" style="height: 14rem; width: 14rem;"></span><!--v-if--></div></a><div class="product-grid-cell_price-tag product-grid-cell_price-tag--full-tile"><div class="product-tile_detail"><!--v-if--><!--v-if--></div><button class="product-tile_detail-title"><div class="skeleton-loader_wrapper"><!--v-if--><!--v-if--><span aria-label="product is loading" data-test="pdl-skeleton-loader-box" class="skeleton-loader_box" style="height: 1.6rem; width: 79%;"></span></div><div class="skeleton-loader_wrapper"><!--v-if--><span aria-label="product is loading" data-test="pdl-skeleton-loader-box" class="skeleton-loader_box" style="height: 1.6rem; width: 60%;"></span></div><!--v-if--></button><div class="product-grid-cell_promo-name"><!--v-if--><!--v-if--><!--v-if--><!--v-if--><!--v-if--></div><!--v-if--><!--v-if--><!--v-if--><!--v-if--><!--v-if--><div class="margin-top--one skeleton-loader_tile-button"><span aria-label="product is loading" data-test="pdl-skeleton-loader-box" class="skeleton-loader_box" style="height: 4.4rem; width: 100%;"></span></div></div></div><!-- MOBILE VIEW --><!--v-if--><!-- This is for xxsmall devices --><div class="mobile-product-list-cell_bottom m-4 hidden"><!--v-if--><span aria-label="product is loading" data-test="pdl-skeleton-loader-box" class="skeleton-loader_box" style="height: 4.4rem; width: 14rem;"></span></div><!--v-if--><!--v-if--></li><!-- eslint-disable vuejs-accessibility/mouse-events-have-key-events --><li tabindex="-1" data-product-id="4" class="tile product-cell product-grid-cell"><!--v-if--><!--v-if--><!--v-if--><div class="product-tile_content"><!--v-if--><a href="https://stopandshop.com/product/4" aria-hidden="true" tabindex="-1"><div><span aria-label="product is loading" data-test="pdl-skeleton-loader-box" class="skeleton-loader_box" style="height: 14rem; width: 14rem;"></span><!--v-if--></div></a><div class="product-grid-cell_price-tag product-grid-cell_price-tag--full-tile"><div class="product-tile_detail"><!--v-if--><!--v-if--></div><button class="product-tile_detail-title"><div class="skeleton-loader_wrapper"><!--v-if--><!--v-if--><span aria-label="product is loading" data-test="pdl-skeleton-loader-box" class="skeleton-loader_box" style="height: 1.6rem; width: 73%;"></span></div><div class="skeleton-loader_wrapper"><!--v-if--><span aria-label="product is loading" data-test="pdl-skeleton-loader-box" class="skeleton-loader_box" style="height: 1.6rem; width: 62%;"></span></div><!--v-if--></button><div class="product-grid-cell_promo-name"><!--v-if--><!--v-if--><!--v-if--><!--v-if--><!--v-if--></div><!--v-if--><!--v-if--><!--v-if--><!--v-if--><!--v-if--><div class="margin-top--one skeleton-loader_tile-button"><span aria-label="product is loading" data-test="pdl-skeleton-loader-box" class="skeleton-loader_box" style="height: 4.4rem; width: 100%;"></span></div></div></div><!-- MOBILE VIEW --><!--v-if--><!-- This is for xxsmall devices --><div class="mobile-product-list-cell_bottom m-4 hidden"><!--v-if--><span aria-label="product is loading" data-test="pdl-skeleton-loader-box" class="skeleton-loader_box" style="height: 4.4rem; width: 14rem;"></span></div><!--v-if--><!--v-if--></li><!-- eslint-disable vuejs-accessibility/mouse-events-have-key-events --><li tabindex="-1" data-product-id="5" class="tile product-cell product-grid-cell"><!--v-if--><!--v-if--><!--v-if--><div class="product-tile_content"><!--v-if--><a href="https://stopandshop.com/product/5" aria-hidden="true" tabindex="-1"><div><span aria-label="product is loading" data-test="pdl-skeleton-loader-box" class="skeleton-loader_box" style="height: 14rem; width: 14rem;"></span><!--v-if--></div></a><div class="product-grid-cell_price-tag product-grid-cell_price-tag--full-tile"><div class="product-tile_detail"><!--v-if--><!--v-if--></div><button class="product-tile_detail-title"><div class="skeleton-loader_wrapper"><!--v-if--><!--v-if--><span aria-label="product is loading" data-test="pdl-skeleton-loader-box" class="skeleton-loader_box" style="height: 1.6rem; width: 60%;"></span></div><div class="skeleton-loader_wrapper"><!--v-if--><span aria-label="product is loading" data-test="pdl-skeleton-loader-box" class="skeleton-loader_box" style="height: 1.6rem; width: 65%;"></span></div><!--v-if--></button><div class="product-grid-cell_promo-name"><!--v-if--><!--v-if--><!--v-if--><!--v-if--><!--v-if--></div><!--v-if--><!--v-if--><!--v-if--><!--v-if--><!--v-if--><div class="margin-top--one skeleton-loader_tile-button"><span aria-label="product is loading" data-test="pdl-skeleton-loader-box" class="skeleton-loader_box" style="height: 4.4rem; width: 100%;"></span></div></div></div><!-- MOBILE VIEW --><!--v-if--><!-- This is for xxsmall devices --><div class="mobile-product-list-cell_bottom m-4 hidden"><!--v-if--><span aria-label="product is loading" data-test="pdl-skeleton-loader-box" class="skeleton-loader_box" style="height: 4.4rem; width: 14rem;"></span></div><!--v-if--><!--v-if--></li></ul></div></div><!--v-if--><!--v-if--><!--v-if--></div></div><!--v-if--><!--v-if--><!--v-if--><!--v-if--><!--v-if--><!--v-if--><!--v-if--><!--v-if--><!--v-if--><!--v-if--><!--v-if--><!--v-if--><!--v-if--><!--v-if--><!--v-if--><!--v-if--><!--v-if--><!--v-if--><!--v-if--><!--v-if--><!--v-if--><!--v-if--><!--v-if--><!--v-if--><!--v-if--><!--v-if--><!--v-if--><!--v-if--><!--v-if--><!--v-if--><!--v-if--><!--v-if--><!--v-if--></div><div class="pdl-generic-content_full"><!--v-if--><!--v-if--><!--v-if--><div class="product-view product-view-search" product-index="18"><div class="product-set spyglass-nav-group_wrapper pt-8"><!--v-if--><div class="overflow-hidden"><div class="product-list_wrapper"><hr class="product-list_header product-list_header--loading"></div><div class="tile-list tile-list--loading w-screen tile-list--triple mb-0"><ul class="flex tile-list_container--loading"><!-- eslint-disable vuejs-accessibility/mouse-events-have-key-events --><li tabindex="-1" data-product-id="1" class="tile product-cell product-grid-cell"><!--v-if--><!--v-if--><!--v-if--><div class="product-tile_content"><!--v-if--><a href="https://stopandshop.com/product/1" aria-hidden="true" tabindex="-1"><div><span aria-label="product is loading" data-test="pdl-skeleton-loader-box" class="skeleton-loader_box" style="height: 14rem; width: 14rem;"></span><!--v-if--></div></a><div class="product-grid-cell_price-tag product-grid-cell_price-tag--full-tile"><div class="product-tile_detail"><!--v-if--><!--v-if--></div><button class="product-tile_detail-title"><div class="skeleton-loader_wrapper"><!--v-if--><!--v-if--><span aria-label="product is loading" data-test="pdl-skeleton-loader-box" class="skeleton-loader_box" style="height: 1.6rem; width: 72%;"></span></div><div class="skeleton-loader_wrapper"><!--v-if--><span aria-label="product is loading" data-test="pdl-skeleton-loader-box" class="skeleton-loader_box" style="height: 1.6rem; width: 66%;"></span></div><!--v-if--></button><div class="product-grid-cell_promo-name"><!--v-if--><!--v-if--><!--v-if--><!--v-if--><!--v-if--></div><!--v-if--><!--v-if--><!--v-if--><!--v-if--><!--v-if--><div class="margin-top--one skeleton-loader_tile-button"><span aria-label="product is loading" data-test="pdl-skeleton-loader-box" class="skeleton-loader_box" style="height: 4.4rem; width: 100%;"></span></div></div></div><!-- MOBILE VIEW --><!--v-if--><!-- This is for xxsmall devices --><div class="mobile-product-list-cell_bottom m-4 hidden"><!--v-if--><span aria-label="product is loading" data-test="pdl-skeleton-loader-box" class="skeleton-loader_box" style="height: 4.4rem; width: 14rem;"></span></div><!--v-if--><!--v-if--></li><!-- eslint-disable vuejs-accessibility/mouse-events-have-key-events --><li tabindex="-1" data-product-id="2" class="tile product-cell product-grid-cell"><!--v-if--><!--v-if--><!--v-if--><div class="product-tile_content"><!--v-if--><a href="https://stopandshop.com/product/2" aria-hidden="true" tabindex="-1"><div><span aria-label="product is loading" data-test="pdl-skeleton-loader-box" class="skeleton-loader_box" style="height: 14rem; width: 14rem;"></span><!--v-if--></div></a><div class="product-grid-cell_price-tag product-grid-cell_price-tag--full-tile"><div class="product-tile_detail"><!--v-if--><!--v-if--></div><button class="product-tile_detail-title"><div class="skeleton-loader_wrapper"><!--v-if--><!--v-if--><span aria-label="product is loading" data-test="pdl-skeleton-loader-box" class="skeleton-loader_box" style="height: 1.6rem; width: 74%;"></span></div><div class="skeleton-loader_wrapper"><!--v-if--><span aria-label="product is loading" data-test="pdl-skeleton-loader-box" class="skeleton-loader_box" style="height: 1.6rem; width: 65%;"></span></div><!--v-if--></button><div class="product-grid-cell_promo-name"><!--v-if--><!--v-if--><!--v-if--><!--v-if--><!--v-if--></div><!--v-if--><!--v-if--><!--v-if--><!--v-if--><!--v-if--><div class="margin-top--one skeleton-loader_tile-button"><span aria-label="product is loading" data-test="pdl-skeleton-loader-box" class="skeleton-loader_box" style="height: 4.4rem; width: 100%;"></span></div></div></div><!-- MOBILE VIEW --><!--v-if--><!-- This is for xxsmall devices --><div class="mobile-product-list-cell_bottom m-4 hidden"><!--v-if--><span aria-label="product is loading" data-test="pdl-skeleton-loader-box" class="skeleton-loader_box" style="height: 4.4rem; width: 14rem;"></span></div><!--v-if--><!--v-if--></li><!-- eslint-disable vuejs-accessibility/mouse-events-have-key-events --><li tabindex="-1" data-product-id="3" class="tile product-cell product-grid-cell"><!--v-if--><!--v-if--><!--v-if--><div class="product-tile_content"><!--v-if--><a href="https://stopandshop.com/product/3" aria-hidden="true" tabindex="-1"><div><span aria-label="product is loading" data-test="pdl-skeleton-loader-box" class="skeleton-loader_box" style="height: 14rem; width: 14rem;"></span><!--v-if--></div></a><div class="product-grid-cell_price-tag product-grid-cell_price-tag--full-tile"><div class="product-tile_detail"><!--v-if--><!--v-if--></div><button class="product-tile_detail-title"><div class="skeleton-loader_wrapper"><!--v-if--><!--v-if--><span aria-label="product is loading" data-test="pdl-skeleton-loader-box" class="skeleton-loader_box" style="height: 1.6rem; width: 71%;"></span></div><div class="skeleton-loader_wrapper"><!--v-if--><span aria-label="product is loading" data-test="pdl-skeleton-loader-box" class="skeleton-loader_box" style="height: 1.6rem; width: 62%;"></span></div><!--v-if--></button><div class="product-grid-cell_promo-name"><!--v-if--><!--v-if--><!--v-if--><!--v-if--><!--v-if--></div><!--v-if--><!--v-if--><!--v-if--><!--v-if--><!--v-if--><div class="margin-top--one skeleton-loader_tile-button"><span aria-label="product is loading" data-test="pdl-skeleton-loader-box" class="skeleton-loader_box" style="height: 4.4rem; width: 100%;"></span></div></div></div><!-- MOBILE VIEW --><!--v-if--><!-- This is for xxsmall devices --><div class="mobile-product-list-cell_bottom m-4 hidden"><!--v-if--><span aria-label="product is loading" data-test="pdl-skeleton-loader-box" class="skeleton-loader_box" style="height: 4.4rem; width: 14rem;"></span></div><!--v-if--><!--v-if--></li><!-- eslint-disable vuejs-accessibility/mouse-events-have-key-events --><li tabindex="-1" data-product-id="4" class="tile product-cell product-grid-cell"><!--v-if--><!--v-if--><!--v-if--><div class="product-tile_content"><!--v-if--><a href="https://stopandshop.com/product/4" aria-hidden="true" tabindex="-1"><div><span aria-label="product is loading" data-test="pdl-skeleton-loader-box" class="skeleton-loader_box" style="height: 14rem; width: 14rem;"></span><!--v-if--></div></a><div class="product-grid-cell_price-tag product-grid-cell_price-tag--full-tile"><div class="product-tile_detail"><!--v-if--><!--v-if--></div><button class="product-tile_detail-title"><div class="skeleton-loader_wrapper"><!--v-if--><!--v-if--><span aria-label="product is loading" data-test="pdl-skeleton-loader-box" class="skeleton-loader_box" style="height: 1.6rem; width: 76%;"></span></div><div class="skeleton-loader_wrapper"><!--v-if--><span aria-label="product is loading" data-test="pdl-skeleton-loader-box" class="skeleton-loader_box" style="height: 1.6rem; width: 61%;"></span></div><!--v-if--></button><div class="product-grid-cell_promo-name"><!--v-if--><!--v-if--><!--v-if--><!--v-if--><!--v-if--></div><!--v-if--><!--v-if--><!--v-if--><!--v-if--><!--v-if--><div class="margin-top--one skeleton-loader_tile-button"><span aria-label="product is loading" data-test="pdl-skeleton-loader-box" class="skeleton-loader_box" style="height: 4.4rem; width: 100%;"></span></div></div></div><!-- MOBILE VIEW --><!--v-if--><!-- This is for xxsmall devices --><div class="mobile-product-list-cell_bottom m-4 hidden"><!--v-if--><span aria-label="product is loading" data-test="pdl-skeleton-loader-box" class="skeleton-loader_box" style="height: 4.4rem; width: 14rem;"></span></div><!--v-if--><!--v-if--></li><!-- eslint-disable vuejs-accessibility/mouse-events-have-key-events --><li tabindex="-1" data-product-id="5" class="tile product-cell product-grid-cell"><!--v-if--><!--v-if--><!--v-if--><div class="product-tile_content"><!--v-if--><a href="https://stopandshop.com/product/5" aria-hidden="true" tabindex="-1"><div><span aria-label="product is loading" data-test="pdl-skeleton-loader-box" class="skeleton-loader_box" style="height: 14rem; width: 14rem;"></span><!--v-if--></div></a><div class="product-grid-cell_price-tag product-grid-cell_price-tag--full-tile"><div class="product-tile_detail"><!--v-if--><!--v-if--></div><button class="product-tile_detail-title"><div class="skeleton-loader_wrapper"><!--v-if--><!--v-if--><span aria-label="product is loading" data-test="pdl-skeleton-loader-box" class="skeleton-loader_box" style="height: 1.6rem; width: 64%;"></span></div><div class="skeleton-loader_wrapper"><!--v-if--><span aria-label="product is loading" data-test="pdl-skeleton-loader-box" class="skeleton-loader_box" style="height: 1.6rem; width: 60%;"></span></div><!--v-if--></button><div class="product-grid-cell_promo-name"><!--v-if--><!--v-if--><!--v-if--><!--v-if--><!--v-if--></div><!--v-if--><!--v-if--><!--v-if--><!--v-if--><!--v-if--><div class="margin-top--one skeleton-loader_tile-button"><span aria-label="product is loading" data-test="pdl-skeleton-loader-box" class="skeleton-loader_box" style="height: 4.4rem; width: 100%;"></span></div></div></div><!-- MOBILE VIEW --><!--v-if--><!-- This is for xxsmall devices --><div class="mobile-product-list-cell_bottom m-4 hidden"><!--v-if--><span aria-label="product is loading" data-test="pdl-skeleton-loader-box" class="skeleton-loader_box" style="height: 4.4rem; width: 14rem;"></span></div><!--v-if--><!--v-if--></li></ul></div></div><!--v-if--><!--v-if--><!--v-if--></div></div><!--v-if--><!--v-if--><!--v-if--><!--v-if--><!--v-if--><!--v-if--><!--v-if--><!--v-if--><!--v-if--><!--v-if--><!--v-if--><!--v-if--><!--v-if--><!--v-if--><!--v-if--><!--v-if--><!--v-if--><!--v-if--><!--v-if--><!--v-if--><!--v-if--><!--v-if--><!--v-if--><!--v-if--><!--v-if--><!--v-if--><!--v-if--><!--v-if--><!--v-if--><!--v-if--><!--v-if--><!--v-if--><!--v-if--></div><div class="pdl-generic-content_full"><!--v-if--><!--v-if--><!--v-if--><div class="product-view product-view-search" product-index="19"><div class="product-set spyglass-nav-group_wrapper pt-8"><!--v-if--><div class="overflow-hidden"><div class="product-list_wrapper"><hr class="product-list_header product-list_header--loading"></div><div class="tile-list tile-list--loading w-screen tile-list--triple mb-0"><ul class="flex tile-list_container--loading"><!-- eslint-disable vuejs-accessibility/mouse-events-have-key-events --><li tabindex="-1" data-product-id="1" class="tile product-cell product-grid-cell"><!--v-if--><!--v-if--><!--v-if--><div class="product-tile_content"><!--v-if--><a href="https://stopandshop.com/product/1" aria-hidden="true" tabindex="-1"><div><span aria-label="product is loading" data-test="pdl-skeleton-loader-box" class="skeleton-loader_box" style="height: 14rem; width: 14rem;"></span><!--v-if--></div></a><div class="product-grid-cell_price-tag product-grid-cell_price-tag--full-tile"><div class="product-tile_detail"><!--v-if--><!--v-if--></div><button class="product-tile_detail-title"><div class="skeleton-loader_wrapper"><!--v-if--><!--v-if--><span aria-label="product is loading" data-test="pdl-skeleton-loader-box" class="skeleton-loader_box" style="height: 1.6rem; width: 70%;"></span></div><div class="skeleton-loader_wrapper"><!--v-if--><span aria-label="product is loading" data-test="pdl-skeleton-loader-box" class="skeleton-loader_box" style="height: 1.6rem; width: 66%;"></span></div><!--v-if--></button><div class="product-grid-cell_promo-name"><!--v-if--><!--v-if--><!--v-if--><!--v-if--><!--v-if--></div><!--v-if--><!--v-if--><!--v-if--><!--v-if--><!--v-if--><div class="margin-top--one skeleton-loader_tile-button"><span aria-label="product is loading" data-test="pdl-skeleton-loader-box" class="skeleton-loader_box" style="height: 4.4rem; width: 100%;"></span></div></div></div><!-- MOBILE VIEW --><!--v-if--><!-- This is for xxsmall devices --><div class="mobile-product-list-cell_bottom m-4 hidden"><!--v-if--><span aria-label="product is loading" data-test="pdl-skeleton-loader-box" class="skeleton-loader_box" style="height: 4.4rem; width: 14rem;"></span></div><!--v-if--><!--v-if--></li><!-- eslint-disable vuejs-accessibility/mouse-events-have-key-events --><li tabindex="-1" data-product-id="2" class="tile product-cell product-grid-cell"><!--v-if--><!--v-if--><!--v-if--><div class="product-tile_content"><!--v-if--><a href="https://stopandshop.com/product/2" aria-hidden="true" tabindex="-1"><div><span aria-label="product is loading" data-test="pdl-skeleton-loader-box" class="skeleton-loader_box" style="height: 14rem; width: 14rem;"></span><!--v-if--></div></a><div class="product-grid-cell_price-tag product-grid-cell_price-tag--full-tile"><div class="product-tile_detail"><!--v-if--><!--v-if--></div><button class="product-tile_detail-title"><div class="skeleton-loader_wrapper"><!--v-if--><!--v-if--><span aria-label="product is loading" data-test="pdl-skeleton-loader-box" class="skeleton-loader_box" style="height: 1.6rem; width: 73%;"></span></div><div class="skeleton-loader_wrapper"><!--v-if--><span aria-label="product is loading" data-test="pdl-skeleton-loader-box" class="skeleton-loader_box" style="height: 1.6rem; width: 66%;"></span></div><!--v-if--></button><div class="product-grid-cell_promo-name"><!--v-if--><!--v-if--><!--v-if--><!--v-if--><!--v-if--></div><!--v-if--><!--v-if--><!--v-if--><!--v-if--><!--v-if--><div class="margin-top--one skeleton-loader_tile-button"><span aria-label="product is loading" data-test="pdl-skeleton-loader-box" class="skeleton-loader_box" style="height: 4.4rem; width: 100%;"></span></div></div></div><!-- MOBILE VIEW --><!--v-if--><!-- This is for xxsmall devices --><div class="mobile-product-list-cell_bottom m-4 hidden"><!--v-if--><span aria-label="product is loading" data-test="pdl-skeleton-loader-box" class="skeleton-loader_box" style="height: 4.4rem; width: 14rem;"></span></div><!--v-if--><!--v-if--></li><!-- eslint-disable vuejs-accessibility/mouse-events-have-key-events --><li tabindex="-1" data-product-id="3" class="tile product-cell product-grid-cell"><!--v-if--><!--v-if--><!--v-if--><div class="product-tile_content"><!--v-if--><a href="https://stopandshop.com/product/3" aria-hidden="true" tabindex="-1"><div><span aria-label="product is loading" data-test="pdl-skeleton-loader-box" class="skeleton-loader_box" style="height: 14rem; width: 14rem;"></span><!--v-if--></div></a><div class="product-grid-cell_price-tag product-grid-cell_price-tag--full-tile"><div class="product-tile_detail"><!--v-if--><!--v-if--></div><button class="product-tile_detail-title"><div class="skeleton-loader_wrapper"><!--v-if--><!--v-if--><span aria-label="product is loading" data-test="pdl-skeleton-loader-box" class="skeleton-loader_box" style="height: 1.6rem; width: 73%;"></span></div><div class="skeleton-loader_wrapper"><!--v-if--><span aria-label="product is loading" data-test="pdl-skeleton-loader-box" class="skeleton-loader_box" style="height: 1.6rem; width: 68%;"></span></div><!--v-if--></button><div class="product-grid-cell_promo-name"><!--v-if--><!--v-if--><!--v-if--><!--v-if--><!--v-if--></div><!--v-if--><!--v-if--><!--v-if--><!--v-if--><!--v-if--><div class="margin-top--one skeleton-loader_tile-button"><span aria-label="product is loading" data-test="pdl-skeleton-loader-box" class="skeleton-loader_box" style="height: 4.4rem; width: 100%;"></span></div></div></div><!-- MOBILE VIEW --><!--v-if--><!-- This is for xxsmall devices --><div class="mobile-product-list-cell_bottom m-4 hidden"><!--v-if--><span aria-label="product is loading" data-test="pdl-skeleton-loader-box" class="skeleton-loader_box" style="height: 4.4rem; width: 14rem;"></span></div><!--v-if--><!--v-if--></li><!-- eslint-disable vuejs-accessibility/mouse-events-have-key-events --><li tabindex="-1" data-product-id="4" class="tile product-cell product-grid-cell"><!--v-if--><!--v-if--><!--v-if--><div class="product-tile_content"><!--v-if--><a href="https://stopandshop.com/product/4" aria-hidden="true" tabindex="-1"><div><span aria-label="product is loading" data-test="pdl-skeleton-loader-box" class="skeleton-loader_box" style="height: 14rem; width: 14rem;"></span><!--v-if--></div></a><div class="product-grid-cell_price-tag product-grid-cell_price-tag--full-tile"><div class="product-tile_detail"><!--v-if--><!--v-if--></div><button class="product-tile_detail-title"><div class="skeleton-loader_wrapper"><!--v-if--><!--v-if--><span aria-label="product is loading" data-test="pdl-skeleton-loader-box" class="skeleton-loader_box" style="height: 1.6rem; width: 72%;"></span></div><div class="skeleton-loader_wrapper"><!--v-if--><span aria-label="product is loading" data-test="pdl-skeleton-loader-box" class="skeleton-loader_box" style="height: 1.6rem; width: 66%;"></span></div><!--v-if--></button><div class="product-grid-cell_promo-name"><!--v-if--><!--v-if--><!--v-if--><!--v-if--><!--v-if--></div><!--v-if--><!--v-if--><!--v-if--><!--v-if--><!--v-if--><div class="margin-top--one skeleton-loader_tile-button"><span aria-label="product is loading" data-test="pdl-skeleton-loader-box" class="skeleton-loader_box" style="height: 4.4rem; width: 100%;"></span></div></div></div><!-- MOBILE VIEW --><!--v-if--><!-- This is for xxsmall devices --><div class="mobile-product-list-cell_bottom m-4 hidden"><!--v-if--><span aria-label="product is loading" data-test="pdl-skeleton-loader-box" class="skeleton-loader_box" style="height: 4.4rem; width: 14rem;"></span></div><!--v-if--><!--v-if--></li><!-- eslint-disable vuejs-accessibility/mouse-events-have-key-events --><li tabindex="-1" data-product-id="5" class="tile product-cell product-grid-cell"><!--v-if--><!--v-if--><!--v-if--><div class="product-tile_content"><!--v-if--><a href="https://stopandshop.com/product/5" aria-hidden="true" tabindex="-1"><div><span aria-label="product is loading" data-test="pdl-skeleton-loader-box" class="skeleton-loader_box" style="height: 14rem; width: 14rem;"></span><!--v-if--></div></a><div class="product-grid-cell_price-tag product-grid-cell_price-tag--full-tile"><div class="product-tile_detail"><!--v-if--><!--v-if--></div><button class="product-tile_detail-title"><div class="skeleton-loader_wrapper"><!--v-if--><!--v-if--><span aria-label="product is loading" data-test="pdl-skeleton-loader-box" class="skeleton-loader_box" style="height: 1.6rem; width: 79%;"></span></div><div class="skeleton-loader_wrapper"><!--v-if--><span aria-label="product is loading" data-test="pdl-skeleton-loader-box" class="skeleton-loader_box" style="height: 1.6rem; width: 62%;"></span></div><!--v-if--></button><div class="product-grid-cell_promo-name"><!--v-if--><!--v-if--><!--v-if--><!--v-if--><!--v-if--></div><!--v-if--><!--v-if--><!--v-if--><!--v-if--><!--v-if--><div class="margin-top--one skeleton-loader_tile-button"><span aria-label="product is loading" data-test="pdl-skeleton-loader-box" class="skeleton-loader_box" style="height: 4.4rem; width: 100%;"></span></div></div></div><!-- MOBILE VIEW --><!--v-if--><!-- This is for xxsmall devices --><div class="mobile-product-list-cell_bottom m-4 hidden"><!--v-if--><span aria-label="product is loading" data-test="pdl-skeleton-loader-box" class="skeleton-loader_box" style="height: 4.4rem; width: 14rem;"></span></div><!--v-if--><!--v-if--></li></ul></div></div><!--v-if--><!--v-if--><!--v-if--></div></div><!--v-if--><!--v-if--><!--v-if--><!--v-if--><!--v-if--><!--v-if--><!--v-if--><!--v-if--><!--v-if--><!--v-if--><!--v-if--><!--v-if--><!--v-if--><!--v-if--><!--v-if--><!--v-if--><!--v-if--><!--v-if--><!--v-if--><!--v-if--><!--v-if--><!--v-if--><!--v-if--><!--v-if--><!--v-if--><!--v-if--><!--v-if--><!--v-if--><!--v-if--><!--v-if--><!--v-if--><!--v-if--><!--v-if--></div><div class="pdl-generic-content_full"><!--v-if--><!--v-if--><!--v-if--><div class="product-view product-view-search" product-index="20"><div class="product-set spyglass-nav-group_wrapper pt-8"><!--v-if--><div class="overflow-hidden"><div class="product-list_wrapper"><hr class="product-list_header product-list_header--loading"></div><div class="tile-list tile-list--loading w-screen tile-list--triple mb-0"><ul class="flex tile-list_container--loading"><!-- eslint-disable vuejs-accessibility/mouse-events-have-key-events --><li tabindex="-1" data-product-id="1" class="tile product-cell product-grid-cell"><!--v-if--><!--v-if--><!--v-if--><div class="product-tile_content"><!--v-if--><a href="https://stopandshop.com/product/1" aria-hidden="true" tabindex="-1"><div><span aria-label="product is loading" data-test="pdl-skeleton-loader-box" class="skeleton-loader_box" style="height: 14rem; width: 14rem;"></span><!--v-if--></div></a><div class="product-grid-cell_price-tag product-grid-cell_price-tag--full-tile"><div class="product-tile_detail"><!--v-if--><!--v-if--></div><button class="product-tile_detail-title"><div class="skeleton-loader_wrapper"><!--v-if--><!--v-if--><span aria-label="product is loading" data-test="pdl-skeleton-loader-box" class="skeleton-loader_box" style="height: 1.6rem; width: 72%;"></span></div><div class="skeleton-loader_wrapper"><!--v-if--><span aria-label="product is loading" data-test="pdl-skeleton-loader-box" class="skeleton-loader_box" style="height: 1.6rem; width: 68%;"></span></div><!--v-if--></button><div class="product-grid-cell_promo-name"><!--v-if--><!--v-if--><!--v-if--><!--v-if--><!--v-if--></div><!--v-if--><!--v-if--><!--v-if--><!--v-if--><!--v-if--><div class="margin-top--one skeleton-loader_tile-button"><span aria-label="product is loading" data-test="pdl-skeleton-loader-box" class="skeleton-loader_box" style="height: 4.4rem; width: 100%;"></span></div></div></div><!-- MOBILE VIEW --><!--v-if--><!-- This is for xxsmall devices --><div class="mobile-product-list-cell_bottom m-4 hidden"><!--v-if--><span aria-label="product is loading" data-test="pdl-skeleton-loader-box" class="skeleton-loader_box" style="height: 4.4rem; width: 14rem;"></span></div><!--v-if--><!--v-if--></li><!-- eslint-disable vuejs-accessibility/mouse-events-have-key-events --><li tabindex="-1" data-product-id="2" class="tile product-cell product-grid-cell"><!--v-if--><!--v-if--><!--v-if--><div class="product-tile_content"><!--v-if--><a href="https://stopandshop.com/product/2" aria-hidden="true" tabindex="-1"><div><span aria-label="product is loading" data-test="pdl-skeleton-loader-box" class="skeleton-loader_box" style="height: 14rem; width: 14rem;"></span><!--v-if--></div></a><div class="product-grid-cell_price-tag product-grid-cell_price-tag--full-tile"><div class="product-tile_detail"><!--v-if--><!--v-if--></div><button class="product-tile_detail-title"><div class="skeleton-loader_wrapper"><!--v-if--><!--v-if--><span aria-label="product is loading" data-test="pdl-skeleton-loader-box" class="skeleton-loader_box" style="height: 1.6rem; width: 67%;"></span></div><div class="skeleton-loader_wrapper"><!--v-if--><span aria-label="product is loading" data-test="pdl-skeleton-loader-box" class="skeleton-loader_box" style="height: 1.6rem; width: 69%;"></span></div><!--v-if--></button><div class="product-grid-cell_promo-name"><!--v-if--><!--v-if--><!--v-if--><!--v-if--><!--v-if--></div><!--v-if--><!--v-if--><!--v-if--><!--v-if--><!--v-if--><div class="margin-top--one skeleton-loader_tile-button"><span aria-label="product is loading" data-test="pdl-skeleton-loader-box" class="skeleton-loader_box" style="height: 4.4rem; width: 100%;"></span></div></div></div><!-- MOBILE VIEW --><!--v-if--><!-- This is for xxsmall devices --><div class="mobile-product-list-cell_bottom m-4 hidden"><!--v-if--><span aria-label="product is loading" data-test="pdl-skeleton-loader-box" class="skeleton-loader_box" style="height: 4.4rem; width: 14rem;"></span></div><!--v-if--><!--v-if--></li><!-- eslint-disable vuejs-accessibility/mouse-events-have-key-events --><li tabindex="-1" data-product-id="3" class="tile product-cell product-grid-cell"><!--v-if--><!--v-if--><!--v-if--><div class="product-tile_content"><!--v-if--><a href="https://stopandshop.com/product/3" aria-hidden="true" tabindex="-1"><div><span aria-label="product is loading" data-test="pdl-skeleton-loader-box" class="skeleton-loader_box" style="height: 14rem; width: 14rem;"></span><!--v-if--></div></a><div class="product-grid-cell_price-tag product-grid-cell_price-tag--full-tile"><div class="product-tile_detail"><!--v-if--><!--v-if--></div><button class="product-tile_detail-title"><div class="skeleton-loader_wrapper"><!--v-if--><!--v-if--><span aria-label="product is loading" data-test="pdl-skeleton-loader-box" class="skeleton-loader_box" style="height: 1.6rem; width: 71%;"></span></div><div class="skeleton-loader_wrapper"><!--v-if--><span aria-label="product is loading" data-test="pdl-skeleton-loader-box" class="skeleton-loader_box" style="height: 1.6rem; width: 65%;"></span></div><!--v-if--></button><div class="product-grid-cell_promo-name"><!--v-if--><!--v-if--><!--v-if--><!--v-if--><!--v-if--></div><!--v-if--><!--v-if--><!--v-if--><!--v-if--><!--v-if--><div class="margin-top--one skeleton-loader_tile-button"><span aria-label="product is loading" data-test="pdl-skeleton-loader-box" class="skeleton-loader_box" style="height: 4.4rem; width: 100%;"></span></div></div></div><!-- MOBILE VIEW --><!--v-if--><!-- This is for xxsmall devices --><div class="mobile-product-list-cell_bottom m-4 hidden"><!--v-if--><span aria-label="product is loading" data-test="pdl-skeleton-loader-box" class="skeleton-loader_box" style="height: 4.4rem; width: 14rem;"></span></div><!--v-if--><!--v-if--></li><!-- eslint-disable vuejs-accessibility/mouse-events-have-key-events --><li tabindex="-1" data-product-id="4" class="tile product-cell product-grid-cell"><!--v-if--><!--v-if--><!--v-if--><div class="product-tile_content"><!--v-if--><a href="https://stopandshop.com/product/4" aria-hidden="true" tabindex="-1"><div><span aria-label="product is loading" data-test="pdl-skeleton-loader-box" class="skeleton-loader_box" style="height: 14rem; width: 14rem;"></span><!--v-if--></div></a><div class="product-grid-cell_price-tag product-grid-cell_price-tag--full-tile"><div class="product-tile_detail"><!--v-if--><!--v-if--></div><button class="product-tile_detail-title"><div class="skeleton-loader_wrapper"><!--v-if--><!--v-if--><span aria-label="product is loading" data-test="pdl-skeleton-loader-box" class="skeleton-loader_box" style="height: 1.6rem; width: 67%;"></span></div><div class="skeleton-loader_wrapper"><!--v-if--><span aria-label="product is loading" data-test="pdl-skeleton-loader-box" class="skeleton-loader_box" style="height: 1.6rem; width: 60%;"></span></div><!--v-if--></button><div class="product-grid-cell_promo-name"><!--v-if--><!--v-if--><!--v-if--><!--v-if--><!--v-if--></div><!--v-if--><!--v-if--><!--v-if--><!--v-if--><!--v-if--><div class="margin-top--one skeleton-loader_tile-button"><span aria-label="product is loading" data-test="pdl-skeleton-loader-box" class="skeleton-loader_box" style="height: 4.4rem; width: 100%;"></span></div></div></div><!-- MOBILE VIEW --><!--v-if--><!-- This is for xxsmall devices --><div class="mobile-product-list-cell_bottom m-4 hidden"><!--v-if--><span aria-label="product is loading" data-test="pdl-skeleton-loader-box" class="skeleton-loader_box" style="height: 4.4rem; width: 14rem;"></span></div><!--v-if--><!--v-if--></li><!-- eslint-disable vuejs-accessibility/mouse-events-have-key-events --><li tabindex="-1" data-product-id="5" class="tile product-cell product-grid-cell"><!--v-if--><!--v-if--><!--v-if--><div class="product-tile_content"><!--v-if--><a href="https://stopandshop.com/product/5" aria-hidden="true" tabindex="-1"><div><span aria-label="product is loading" data-test="pdl-skeleton-loader-box" class="skeleton-loader_box" style="height: 14rem; width: 14rem;"></span><!--v-if--></div></a><div class="product-grid-cell_price-tag product-grid-cell_price-tag--full-tile"><div class="product-tile_detail"><!--v-if--><!--v-if--></div><button class="product-tile_detail-title"><div class="skeleton-loader_wrapper"><!--v-if--><!--v-if--><span aria-label="product is loading" data-test="pdl-skeleton-loader-box" class="skeleton-loader_box" style="height: 1.6rem; width: 61%;"></span></div><div class="skeleton-loader_wrapper"><!--v-if--><span aria-label="product is loading" data-test="pdl-skeleton-loader-box" class="skeleton-loader_box" style="height: 1.6rem; width: 63%;"></span></div><!--v-if--></button><div class="product-grid-cell_promo-name"><!--v-if--><!--v-if--><!--v-if--><!--v-if--><!--v-if--></div><!--v-if--><!--v-if--><!--v-if--><!--v-if--><!--v-if--><div class="margin-top--one skeleton-loader_tile-button"><span aria-label="product is loading" data-test="pdl-skeleton-loader-box" class="skeleton-loader_box" style="height: 4.4rem; width: 100%;"></span></div></div></div><!-- MOBILE VIEW --><!--v-if--><!-- This is for xxsmall devices --><div class="mobile-product-list-cell_bottom m-4 hidden"><!--v-if--><span aria-label="product is loading" data-test="pdl-skeleton-loader-box" class="skeleton-loader_box" style="height: 4.4rem; width: 14rem;"></span></div><!--v-if--><!--v-if--></li></ul></div></div><!--v-if--><!--v-if--><!--v-if--></div></div><!--v-if--><!--v-if--><!--v-if--><!--v-if--><!--v-if--><!--v-if--><!--v-if--><!--v-if--><!--v-if--><!--v-if--><!--v-if--><!--v-if--><!--v-if--><!--v-if--><!--v-if--><!--v-if--><!--v-if--><!--v-if--><!--v-if--><!--v-if--><!--v-if--><!--v-if--><!--v-if--><!--v-if--><!--v-if--><!--v-if--><!--v-if--><!--v-if--><!--v-if--><!--v-if--><!--v-if--><!--v-if--><!--v-if--></div><div class="pdl-generic-content_full"><!--v-if--><!--v-if--><!--v-if--><div class="product-view product-view-search" product-index="21"><div class="product-set spyglass-nav-group_wrapper pt-8"><!--v-if--><div class="overflow-hidden"><div class="product-list_wrapper"><hr class="product-list_header product-list_header--loading"></div><div class="tile-list tile-list--loading w-screen tile-list--triple mb-0"><ul class="flex tile-list_container--loading"><!-- eslint-disable vuejs-accessibility/mouse-events-have-key-events --><li tabindex="-1" data-product-id="1" class="tile product-cell product-grid-cell"><!--v-if--><!--v-if--><!--v-if--><div class="product-tile_content"><!--v-if--><a href="https://stopandshop.com/product/1" aria-hidden="true" tabindex="-1"><div><span aria-label="product is loading" data-test="pdl-skeleton-loader-box" class="skeleton-loader_box" style="height: 14rem; width: 14rem;"></span><!--v-if--></div></a><div class="product-grid-cell_price-tag product-grid-cell_price-tag--full-tile"><div class="product-tile_detail"><!--v-if--><!--v-if--></div><button class="product-tile_detail-title"><div class="skeleton-loader_wrapper"><!--v-if--><!--v-if--><span aria-label="product is loading" data-test="pdl-skeleton-loader-box" class="skeleton-loader_box" style="height: 1.6rem; width: 61%;"></span></div><div class="skeleton-loader_wrapper"><!--v-if--><span aria-label="product is loading" data-test="pdl-skeleton-loader-box" class="skeleton-loader_box" style="height: 1.6rem; width: 60%;"></span></div><!--v-if--></button><div class="product-grid-cell_promo-name"><!--v-if--><!--v-if--><!--v-if--><!--v-if--><!--v-if--></div><!--v-if--><!--v-if--><!--v-if--><!--v-if--><!--v-if--><div class="margin-top--one skeleton-loader_tile-button"><span aria-label="product is loading" data-test="pdl-skeleton-loader-box" class="skeleton-loader_box" style="height: 4.4rem; width: 100%;"></span></div></div></div><!-- MOBILE VIEW --><!--v-if--><!-- This is for xxsmall devices --><div class="mobile-product-list-cell_bottom m-4 hidden"><!--v-if--><span aria-label="product is loading" data-test="pdl-skeleton-loader-box" class="skeleton-loader_box" style="height: 4.4rem; width: 14rem;"></span></div><!--v-if--><!--v-if--></li><!-- eslint-disable vuejs-accessibility/mouse-events-have-key-events --><li tabindex="-1" data-product-id="2" class="tile product-cell product-grid-cell"><!--v-if--><!--v-if--><!--v-if--><div class="product-tile_content"><!--v-if--><a href="https://stopandshop.com/product/2" aria-hidden="true" tabindex="-1"><div><span aria-label="product is loading" data-test="pdl-skeleton-loader-box" class="skeleton-loader_box" style="height: 14rem; width: 14rem;"></span><!--v-if--></div></a><div class="product-grid-cell_price-tag product-grid-cell_price-tag--full-tile"><div class="product-tile_detail"><!--v-if--><!--v-if--></div><button class="product-tile_detail-title"><div class="skeleton-loader_wrapper"><!--v-if--><!--v-if--><span aria-label="product is loading" data-test="pdl-skeleton-loader-box" class="skeleton-loader_box" style="height: 1.6rem; width: 79%;"></span></div><div class="skeleton-loader_wrapper"><!--v-if--><span aria-label="product is loading" data-test="pdl-skeleton-loader-box" class="skeleton-loader_box" style="height: 1.6rem; width: 60%;"></span></div><!--v-if--></button><div class="product-grid-cell_promo-name"><!--v-if--><!--v-if--><!--v-if--><!--v-if--><!--v-if--></div><!--v-if--><!--v-if--><!--v-if--><!--v-if--><!--v-if--><div class="margin-top--one skeleton-loader_tile-button"><span aria-label="product is loading" data-test="pdl-skeleton-loader-box" class="skeleton-loader_box" style="height: 4.4rem; width: 100%;"></span></div></div></div><!-- MOBILE VIEW --><!--v-if--><!-- This is for xxsmall devices --><div class="mobile-product-list-cell_bottom m-4 hidden"><!--v-if--><span aria-label="product is loading" data-test="pdl-skeleton-loader-box" class="skeleton-loader_box" style="height: 4.4rem; width: 14rem;"></span></div><!--v-if--><!--v-if--></li><!-- eslint-disable vuejs-accessibility/mouse-events-have-key-events --><li tabindex="-1" data-product-id="3" class="tile product-cell product-grid-cell"><!--v-if--><!--v-if--><!--v-if--><div class="product-tile_content"><!--v-if--><a href="https://stopandshop.com/product/3" aria-hidden="true" tabindex="-1"><div><span aria-label="product is loading" data-test="pdl-skeleton-loader-box" class="skeleton-loader_box" style="height: 14rem; width: 14rem;"></span><!--v-if--></div></a><div class="product-grid-cell_price-tag product-grid-cell_price-tag--full-tile"><div class="product-tile_detail"><!--v-if--><!--v-if--></div><button class="product-tile_detail-title"><div class="skeleton-loader_wrapper"><!--v-if--><!--v-if--><span aria-label="product is loading" data-test="pdl-skeleton-loader-box" class="skeleton-loader_box" style="height: 1.6rem; width: 61%;"></span></div><div class="skeleton-loader_wrapper"><!--v-if--><span aria-label="product is loading" data-test="pdl-skeleton-loader-box" class="skeleton-loader_box" style="height: 1.6rem; width: 60%;"></span></div><!--v-if--></button><div class="product-grid-cell_promo-name"><!--v-if--><!--v-if--><!--v-if--><!--v-if--><!--v-if--></div><!--v-if--><!--v-if--><!--v-if--><!--v-if--><!--v-if--><div class="margin-top--one skeleton-loader_tile-button"><span aria-label="product is loading" data-test="pdl-skeleton-loader-box" class="skeleton-loader_box" style="height: 4.4rem; width: 100%;"></span></div></div></div><!-- MOBILE VIEW --><!--v-if--><!-- This is for xxsmall devices --><div class="mobile-product-list-cell_bottom m-4 hidden"><!--v-if--><span aria-label="product is loading" data-test="pdl-skeleton-loader-box" class="skeleton-loader_box" style="height: 4.4rem; width: 14rem;"></span></div><!--v-if--><!--v-if--></li><!-- eslint-disable vuejs-accessibility/mouse-events-have-key-events --><li tabindex="-1" data-product-id="4" class="tile product-cell product-grid-cell"><!--v-if--><!--v-if--><!--v-if--><div class="product-tile_content"><!--v-if--><a href="https://stopandshop.com/product/4" aria-hidden="true" tabindex="-1"><div><span aria-label="product is loading" data-test="pdl-skeleton-loader-box" class="skeleton-loader_box" style="height: 14rem; width: 14rem;"></span><!--v-if--></div></a><div class="product-grid-cell_price-tag product-grid-cell_price-tag--full-tile"><div class="product-tile_detail"><!--v-if--><!--v-if--></div><button class="product-tile_detail-title"><div class="skeleton-loader_wrapper"><!--v-if--><!--v-if--><span aria-label="product is loading" data-test="pdl-skeleton-loader-box" class="skeleton-loader_box" style="height: 1.6rem; width: 76%;"></span></div><div class="skeleton-loader_wrapper"><!--v-if--><span aria-label="product is loading" data-test="pdl-skeleton-loader-box" class="skeleton-loader_box" style="height: 1.6rem; width: 64%;"></span></div><!--v-if--></button><div class="product-grid-cell_promo-name"><!--v-if--><!--v-if--><!--v-if--><!--v-if--><!--v-if--></div><!--v-if--><!--v-if--><!--v-if--><!--v-if--><!--v-if--><div class="margin-top--one skeleton-loader_tile-button"><span aria-label="product is loading" data-test="pdl-skeleton-loader-box" class="skeleton-loader_box" style="height: 4.4rem; width: 100%;"></span></div></div></div><!-- MOBILE VIEW --><!--v-if--><!-- This is for xxsmall devices --><div class="mobile-product-list-cell_bottom m-4 hidden"><!--v-if--><span aria-label="product is loading" data-test="pdl-skeleton-loader-box" class="skeleton-loader_box" style="height: 4.4rem; width: 14rem;"></span></div><!--v-if--><!--v-if--></li><!-- eslint-disable vuejs-accessibility/mouse-events-have-key-events --><li tabindex="-1" data-product-id="5" class="tile product-cell product-grid-cell"><!--v-if--><!--v-if--><!--v-if--><div class="product-tile_content"><!--v-if--><a href="https://stopandshop.com/product/5" aria-hidden="true" tabindex="-1"><div><span aria-label="product is loading" data-test="pdl-skeleton-loader-box" class="skeleton-loader_box" style="height: 14rem; width: 14rem;"></span><!--v-if--></div></a><div class="product-grid-cell_price-tag product-grid-cell_price-tag--full-tile"><div class="product-tile_detail"><!--v-if--><!--v-if--></div><button class="product-tile_detail-title"><div class="skeleton-loader_wrapper"><!--v-if--><!--v-if--><span aria-label="product is loading" data-test="pdl-skeleton-loader-box" class="skeleton-loader_box" style="height: 1.6rem; width: 60%;"></span></div><div class="skeleton-loader_wrapper"><!--v-if--><span aria-label="product is loading" data-test="pdl-skeleton-loader-box" class="skeleton-loader_box" style="height: 1.6rem; width: 68%;"></span></div><!--v-if--></button><div class="product-grid-cell_promo-name"><!--v-if--><!--v-if--><!--v-if--><!--v-if--><!--v-if--></div><!--v-if--><!--v-if--><!--v-if--><!--v-if--><!--v-if--><div class="margin-top--one skeleton-loader_tile-button"><span aria-label="product is loading" data-test="pdl-skeleton-loader-box" class="skeleton-loader_box" style="height: 4.4rem; width: 100%;"></span></div></div></div><!-- MOBILE VIEW --><!--v-if--><!-- This is for xxsmall devices --><div class="mobile-product-list-cell_bottom m-4 hidden"><!--v-if--><span aria-label="product is loading" data-test="pdl-skeleton-loader-box" class="skeleton-loader_box" style="height: 4.4rem; width: 14rem;"></span></div><!--v-if--><!--v-if--></li></ul></div></div><!--v-if--><!--v-if--><!--v-if--></div></div><!--v-if--><!--v-if--><!--v-if--><!--v-if--><!--v-if--><!--v-if--><!--v-if--><!--v-if--><!--v-if--><!--v-if--><!--v-if--><!--v-if--><!--v-if--><!--v-if--><!--v-if--><!--v-if--><!--v-if--><!--v-if--><!--v-if--><!--v-if--><!--v-if--><!--v-if--><!--v-if--><!--v-if--><!--v-if--><!--v-if--><!--v-if--><!--v-if--><!--v-if--><!--v-if--><!--v-if--><!--v-if--><!--v-if--></div><div class="pdl-generic-content_full"><!--v-if--><!--v-if--><!--v-if--><div class="product-view product-view-search" product-index="22"><div class="product-set spyglass-nav-group_wrapper pt-8"><!--v-if--><div class="overflow-hidden"><div class="product-list_wrapper"><hr class="product-list_header product-list_header--loading"></div><div class="tile-list tile-list--loading w-screen tile-list--triple mb-0"><ul class="flex tile-list_container--loading"><!-- eslint-disable vuejs-accessibility/mouse-events-have-key-events --><li tabindex="-1" data-product-id="1" class="tile product-cell product-grid-cell"><!--v-if--><!--v-if--><!--v-if--><div class="product-tile_content"><!--v-if--><a href="https://stopandshop.com/product/1" aria-hidden="true" tabindex="-1"><div><span aria-label="product is loading" data-test="pdl-skeleton-loader-box" class="skeleton-loader_box" style="height: 14rem; width: 14rem;"></span><!--v-if--></div></a><div class="product-grid-cell_price-tag product-grid-cell_price-tag--full-tile"><div class="product-tile_detail"><!--v-if--><!--v-if--></div><button class="product-tile_detail-title"><div class="skeleton-loader_wrapper"><!--v-if--><!--v-if--><span aria-label="product is loading" data-test="pdl-skeleton-loader-box" class="skeleton-loader_box" style="height: 1.6rem; width: 65%;"></span></div><div class="skeleton-loader_wrapper"><!--v-if--><span aria-label="product is loading" data-test="pdl-skeleton-loader-box" class="skeleton-loader_box" style="height: 1.6rem; width: 61%;"></span></div><!--v-if--></button><div class="product-grid-cell_promo-name"><!--v-if--><!--v-if--><!--v-if--><!--v-if--><!--v-if--></div><!--v-if--><!--v-if--><!--v-if--><!--v-if--><!--v-if--><div class="margin-top--one skeleton-loader_tile-button"><span aria-label="product is loading" data-test="pdl-skeleton-loader-box" class="skeleton-loader_box" style="height: 4.4rem; width: 100%;"></span></div></div></div><!-- MOBILE VIEW --><!--v-if--><!-- This is for xxsmall devices --><div class="mobile-product-list-cell_bottom m-4 hidden"><!--v-if--><span aria-label="product is loading" data-test="pdl-skeleton-loader-box" class="skeleton-loader_box" style="height: 4.4rem; width: 14rem;"></span></div><!--v-if--><!--v-if--></li><!-- eslint-disable vuejs-accessibility/mouse-events-have-key-events --><li tabindex="-1" data-product-id="2" class="tile product-cell product-grid-cell"><!--v-if--><!--v-if--><!--v-if--><div class="product-tile_content"><!--v-if--><a href="https://stopandshop.com/product/2" aria-hidden="true" tabindex="-1"><div><span aria-label="product is loading" data-test="pdl-skeleton-loader-box" class="skeleton-loader_box" style="height: 14rem; width: 14rem;"></span><!--v-if--></div></a><div class="product-grid-cell_price-tag product-grid-cell_price-tag--full-tile"><div class="product-tile_detail"><!--v-if--><!--v-if--></div><button class="product-tile_detail-title"><div class="skeleton-loader_wrapper"><!--v-if--><!--v-if--><span aria-label="product is loading" data-test="pdl-skeleton-loader-box" class="skeleton-loader_box" style="height: 1.6rem; width: 76%;"></span></div><div class="skeleton-loader_wrapper"><!--v-if--><span aria-label="product is loading" data-test="pdl-skeleton-loader-box" class="skeleton-loader_box" style="height: 1.6rem; width: 67%;"></span></div><!--v-if--></button><div class="product-grid-cell_promo-name"><!--v-if--><!--v-if--><!--v-if--><!--v-if--><!--v-if--></div><!--v-if--><!--v-if--><!--v-if--><!--v-if--><!--v-if--><div class="margin-top--one skeleton-loader_tile-button"><span aria-label="product is loading" data-test="pdl-skeleton-loader-box" class="skeleton-loader_box" style="height: 4.4rem; width: 100%;"></span></div></div></div><!-- MOBILE VIEW --><!--v-if--><!-- This is for xxsmall devices --><div class="mobile-product-list-cell_bottom m-4 hidden"><!--v-if--><span aria-label="product is loading" data-test="pdl-skeleton-loader-box" class="skeleton-loader_box" style="height: 4.4rem; width: 14rem;"></span></div><!--v-if--><!--v-if--></li><!-- eslint-disable vuejs-accessibility/mouse-events-have-key-events --><li tabindex="-1" data-product-id="3" class="tile product-cell product-grid-cell"><!--v-if--><!--v-if--><!--v-if--><div class="product-tile_content"><!--v-if--><a href="https://stopandshop.com/product/3" aria-hidden="true" tabindex="-1"><div><span aria-label="product is loading" data-test="pdl-skeleton-loader-box" class="skeleton-loader_box" style="height: 14rem; width: 14rem;"></span><!--v-if--></div></a><div class="product-grid-cell_price-tag product-grid-cell_price-tag--full-tile"><div class="product-tile_detail"><!--v-if--><!--v-if--></div><button class="product-tile_detail-title"><div class="skeleton-loader_wrapper"><!--v-if--><!--v-if--><span aria-label="product is loading" data-test="pdl-skeleton-loader-box" class="skeleton-loader_box" style="height: 1.6rem; width: 75%;"></span></div><div class="skeleton-loader_wrapper"><!--v-if--><span aria-label="product is loading" data-test="pdl-skeleton-loader-box" class="skeleton-loader_box" style="height: 1.6rem; width: 66%;"></span></div><!--v-if--></button><div class="product-grid-cell_promo-name"><!--v-if--><!--v-if--><!--v-if--><!--v-if--><!--v-if--></div><!--v-if--><!--v-if--><!--v-if--><!--v-if--><!--v-if--><div class="margin-top--one skeleton-loader_tile-button"><span aria-label="product is loading" data-test="pdl-skeleton-loader-box" class="skeleton-loader_box" style="height: 4.4rem; width: 100%;"></span></div></div></div><!-- MOBILE VIEW --><!--v-if--><!-- This is for xxsmall devices --><div class="mobile-product-list-cell_bottom m-4 hidden"><!--v-if--><span aria-label="product is loading" data-test="pdl-skeleton-loader-box" class="skeleton-loader_box" style="height: 4.4rem; width: 14rem;"></span></div><!--v-if--><!--v-if--></li><!-- eslint-disable vuejs-accessibility/mouse-events-have-key-events --><li tabindex="-1" data-product-id="4" class="tile product-cell product-grid-cell"><!--v-if--><!--v-if--><!--v-if--><div class="product-tile_content"><!--v-if--><a href="https://stopandshop.com/product/4" aria-hidden="true" tabindex="-1"><div><span aria-label="product is loading" data-test="pdl-skeleton-loader-box" class="skeleton-loader_box" style="height: 14rem; width: 14rem;"></span><!--v-if--></div></a><div class="product-grid-cell_price-tag product-grid-cell_price-tag--full-tile"><div class="product-tile_detail"><!--v-if--><!--v-if--></div><button class="product-tile_detail-title"><div class="skeleton-loader_wrapper"><!--v-if--><!--v-if--><span aria-label="product is loading" data-test="pdl-skeleton-loader-box" class="skeleton-loader_box" style="height: 1.6rem; width: 67%;"></span></div><div class="skeleton-loader_wrapper"><!--v-if--><span aria-label="product is loading" data-test="pdl-skeleton-loader-box" class="skeleton-loader_box" style="height: 1.6rem; width: 61%;"></span></div><!--v-if--></button><div class="product-grid-cell_promo-name"><!--v-if--><!--v-if--><!--v-if--><!--v-if--><!--v-if--></div><!--v-if--><!--v-if--><!--v-if--><!--v-if--><!--v-if--><div class="margin-top--one skeleton-loader_tile-button"><span aria-label="product is loading" data-test="pdl-skeleton-loader-box" class="skeleton-loader_box" style="height: 4.4rem; width: 100%;"></span></div></div></div><!-- MOBILE VIEW --><!--v-if--><!-- This is for xxsmall devices --><div class="mobile-product-list-cell_bottom m-4 hidden"><!--v-if--><span aria-label="product is loading" data-test="pdl-skeleton-loader-box" class="skeleton-loader_box" style="height: 4.4rem; width: 14rem;"></span></div><!--v-if--><!--v-if--></li><!-- eslint-disable vuejs-accessibility/mouse-events-have-key-events --><li tabindex="-1" data-product-id="5" class="tile product-cell product-grid-cell"><!--v-if--><!--v-if--><!--v-if--><div class="product-tile_content"><!--v-if--><a href="https://stopandshop.com/product/5" aria-hidden="true" tabindex="-1"><div><span aria-label="product is loading" data-test="pdl-skeleton-loader-box" class="skeleton-loader_box" style="height: 14rem; width: 14rem;"></span><!--v-if--></div></a><div class="product-grid-cell_price-tag product-grid-cell_price-tag--full-tile"><div class="product-tile_detail"><!--v-if--><!--v-if--></div><button class="product-tile_detail-title"><div class="skeleton-loader_wrapper"><!--v-if--><!--v-if--><span aria-label="product is loading" data-test="pdl-skeleton-loader-box" class="skeleton-loader_box" style="height: 1.6rem; width: 60%;"></span></div><div class="skeleton-loader_wrapper"><!--v-if--><span aria-label="product is loading" data-test="pdl-skeleton-loader-box" class="skeleton-loader_box" style="height: 1.6rem; width: 63%;"></span></div><!--v-if--></button><div class="product-grid-cell_promo-name"><!--v-if--><!--v-if--><!--v-if--><!--v-if--><!--v-if--></div><!--v-if--><!--v-if--><!--v-if--><!--v-if--><!--v-if--><div class="margin-top--one skeleton-loader_tile-button"><span aria-label="product is loading" data-test="pdl-skeleton-loader-box" class="skeleton-loader_box" style="height: 4.4rem; width: 100%;"></span></div></div></div><!-- MOBILE VIEW --><!--v-if--><!-- This is for xxsmall devices --><div class="mobile-product-list-cell_bottom m-4 hidden"><!--v-if--><span aria-label="product is loading" data-test="pdl-skeleton-loader-box" class="skeleton-loader_box" style="height: 4.4rem; width: 14rem;"></span></div><!--v-if--><!--v-if--></li></ul></div></div><!--v-if--><!--v-if--><!--v-if--></div></div><!--v-if--><!--v-if--><!--v-if--><!--v-if--><!--v-if--><!--v-if--><!--v-if--><!--v-if--><!--v-if--><!--v-if--><!--v-if--><!--v-if--><!--v-if--><!--v-if--><!--v-if--><!--v-if--><!--v-if--><!--v-if--><!--v-if--><!--v-if--><!--v-if--><!--v-if--><!--v-if--><!--v-if--><!--v-if--><!--v-if--><!--v-if--><!--v-if--><!--v-if--><!--v-if--><!--v-if--><!--v-if--><!--v-if--></div><div class="pdl-generic-content_full"><!--v-if--><!--v-if--><!--v-if--><div class="product-view product-view-search" product-index="23"><div class="product-set spyglass-nav-group_wrapper pdl-generic-content_container--max pt-8"><div><div class="product-list_wrapper"><hr class="product-list_header product-list_header--loading"></div><ul class="tile-list tile-list--triple mb-0"><!-- eslint-disable vuejs-accessibility/mouse-events-have-key-events --><li tabindex="-1" data-product-id="1" class="tile product-cell product-grid-cell"><!--v-if--><!--v-if--><!--v-if--><div class="product-tile_content"><!--v-if--><a href="https://stopandshop.com/product/1" aria-hidden="true" tabindex="-1"><div><span aria-label="product is loading" data-test="pdl-skeleton-loader-box" class="skeleton-loader_box" style="height: 14rem; width: 14rem;"></span><!--v-if--></div></a><div class="product-grid-cell_price-tag product-grid-cell_price-tag--full-tile"><div class="product-tile_detail"><!--v-if--><!--v-if--></div><button class="product-tile_detail-title"><div class="skeleton-loader_wrapper"><!--v-if--><!--v-if--><span aria-label="product is loading" data-test="pdl-skeleton-loader-box" class="skeleton-loader_box" style="height: 1.6rem; width: 73%;"></span></div><div class="skeleton-loader_wrapper"><!--v-if--><span aria-label="product is loading" data-test="pdl-skeleton-loader-box" class="skeleton-loader_box" style="height: 1.6rem; width: 62%;"></span></div><!--v-if--></button><div class="product-grid-cell_promo-name"><!--v-if--><!--v-if--><!--v-if--><!--v-if--><!--v-if--></div><!--v-if--><!--v-if--><!--v-if--><!--v-if--><!--v-if--><div class="margin-top--one skeleton-loader_tile-button"><span aria-label="product is loading" data-test="pdl-skeleton-loader-box" class="skeleton-loader_box" style="height: 4.4rem; width: 100%;"></span></div></div></div><!-- MOBILE VIEW --><!--v-if--><!-- This is for xxsmall devices --><div class="mobile-product-list-cell_bottom m-4 hidden"><!--v-if--><span aria-label="product is loading" data-test="pdl-skeleton-loader-box" class="skeleton-loader_box" style="height: 4.4rem; width: 14rem;"></span></div><!--v-if--><!--v-if--></li><!-- eslint-disable vuejs-accessibility/mouse-events-have-key-events --><li tabindex="-1" data-product-id="2" class="tile product-cell product-grid-cell"><!--v-if--><!--v-if--><!--v-if--><div class="product-tile_content"><!--v-if--><a href="https://stopandshop.com/product/2" aria-hidden="true" tabindex="-1"><div><span aria-label="product is loading" data-test="pdl-skeleton-loader-box" class="skeleton-loader_box" style="height: 14rem; width: 14rem;"></span><!--v-if--></div></a><div class="product-grid-cell_price-tag product-grid-cell_price-tag--full-tile"><div class="product-tile_detail"><!--v-if--><!--v-if--></div><button class="product-tile_detail-title"><div class="skeleton-loader_wrapper"><!--v-if--><!--v-if--><span aria-label="product is loading" data-test="pdl-skeleton-loader-box" class="skeleton-loader_box" style="height: 1.6rem; width: 67%;"></span></div><div class="skeleton-loader_wrapper"><!--v-if--><span aria-label="product is loading" data-test="pdl-skeleton-loader-box" class="skeleton-loader_box" style="height: 1.6rem; width: 60%;"></span></div><!--v-if--></button><div class="product-grid-cell_promo-name"><!--v-if--><!--v-if--><!--v-if--><!--v-if--><!--v-if--></div><!--v-if--><!--v-if--><!--v-if--><!--v-if--><!--v-if--><div class="margin-top--one skeleton-loader_tile-button"><span aria-label="product is loading" data-test="pdl-skeleton-loader-box" class="skeleton-loader_box" style="height: 4.4rem; width: 100%;"></span></div></div></div><!-- MOBILE VIEW --><!--v-if--><!-- This is for xxsmall devices --><div class="mobile-product-list-cell_bottom m-4 hidden"><!--v-if--><span aria-label="product is loading" data-test="pdl-skeleton-loader-box" class="skeleton-loader_box" style="height: 4.4rem; width: 14rem;"></span></div><!--v-if--><!--v-if--></li><!-- eslint-disable vuejs-accessibility/mouse-events-have-key-events --><li tabindex="-1" data-product-id="3" class="tile product-cell product-grid-cell"><!--v-if--><!--v-if--><!--v-if--><div class="product-tile_content"><!--v-if--><a href="https://stopandshop.com/product/3" aria-hidden="true" tabindex="-1"><div><span aria-label="product is loading" data-test="pdl-skeleton-loader-box" class="skeleton-loader_box" style="height: 14rem; width: 14rem;"></span><!--v-if--></div></a><div class="product-grid-cell_price-tag product-grid-cell_price-tag--full-tile"><div class="product-tile_detail"><!--v-if--><!--v-if--></div><button class="product-tile_detail-title"><div class="skeleton-loader_wrapper"><!--v-if--><!--v-if--><span aria-label="product is loading" data-test="pdl-skeleton-loader-box" class="skeleton-loader_box" style="height: 1.6rem; width: 74%;"></span></div><div class="skeleton-loader_wrapper"><!--v-if--><span aria-label="product is loading" data-test="pdl-skeleton-loader-box" class="skeleton-loader_box" style="height: 1.6rem; width: 68%;"></span></div><!--v-if--></button><div class="product-grid-cell_promo-name"><!--v-if--><!--v-if--><!--v-if--><!--v-if--><!--v-if--></div><!--v-if--><!--v-if--><!--v-if--><!--v-if--><!--v-if--><div class="margin-top--one skeleton-loader_tile-button"><span aria-label="product is loading" data-test="pdl-skeleton-loader-box" class="skeleton-loader_box" style="height: 4.4rem; width: 100%;"></span></div></div></div><!-- MOBILE VIEW --><!--v-if--><!-- This is for xxsmall devices --><div class="mobile-product-list-cell_bottom m-4 hidden"><!--v-if--><span aria-label="product is loading" data-test="pdl-skeleton-loader-box" class="skeleton-loader_box" style="height: 4.4rem; width: 14rem;"></span></div><!--v-if--><!--v-if--></li><!-- eslint-disable vuejs-accessibility/mouse-events-have-key-events --><li tabindex="-1" data-product-id="4" class="tile product-cell product-grid-cell"><!--v-if--><!--v-if--><!--v-if--><div class="product-tile_content"><!--v-if--><a href="https://stopandshop.com/product/4" aria-hidden="true" tabindex="-1"><div><span aria-label="product is loading" data-test="pdl-skeleton-loader-box" class="skeleton-loader_box" style="height: 14rem; width: 14rem;"></span><!--v-if--></div></a><div class="product-grid-cell_price-tag product-grid-cell_price-tag--full-tile"><div class="product-tile_detail"><!--v-if--><!--v-if--></div><button class="product-tile_detail-title"><div class="skeleton-loader_wrapper"><!--v-if--><!--v-if--><span aria-label="product is loading" data-test="pdl-skeleton-loader-box" class="skeleton-loader_box" style="height: 1.6rem; width: 60%;"></span></div><div class="skeleton-loader_wrapper"><!--v-if--><span aria-label="product is loading" data-test="pdl-skeleton-loader-box" class="skeleton-loader_box" style="height: 1.6rem; width: 63%;"></span></div><!--v-if--></button><div class="product-grid-cell_promo-name"><!--v-if--><!--v-if--><!--v-if--><!--v-if--><!--v-if--></div><!--v-if--><!--v-if--><!--v-if--><!--v-if--><!--v-if--><div class="margin-top--one skeleton-loader_tile-button"><span aria-label="product is loading" data-test="pdl-skeleton-loader-box" class="skeleton-loader_box" style="height: 4.4rem; width: 100%;"></span></div></div></div><!-- MOBILE VIEW --><!--v-if--><!-- This is for xxsmall devices --><div class="mobile-product-list-cell_bottom m-4 hidden"><!--v-if--><span aria-label="product is loading" data-test="pdl-skeleton-loader-box" class="skeleton-loader_box" style="height: 4.4rem; width: 14rem;"></span></div><!--v-if--><!--v-if--></li><!-- eslint-disable vuejs-accessibility/mouse-events-have-key-events --><li tabindex="-1" data-product-id="5" class="tile product-cell product-grid-cell"><!--v-if--><!--v-if--><!--v-if--><div class="product-tile_content"><!--v-if--><a href="https://stopandshop.com/product/5" aria-hidden="true" tabindex="-1"><div><span aria-label="product is loading" data-test="pdl-skeleton-loader-box" class="skeleton-loader_box" style="height: 14rem; width: 14rem;"></span><!--v-if--></div></a><div class="product-grid-cell_price-tag product-grid-cell_price-tag--full-tile"><div class="product-tile_detail"><!--v-if--><!--v-if--></div><button class="product-tile_detail-title"><div class="skeleton-loader_wrapper"><!--v-if--><!--v-if--><span aria-label="product is loading" data-test="pdl-skeleton-loader-box" class="skeleton-loader_box" style="height: 1.6rem; width: 72%;"></span></div><div class="skeleton-loader_wrapper"><!--v-if--><span aria-label="product is loading" data-test="pdl-skeleton-loader-box" class="skeleton-loader_box" style="height: 1.6rem; width: 60%;"></span></div><!--v-if--></button><div class="product-grid-cell_promo-name"><!--v-if--><!--v-if--><!--v-if--><!--v-if--><!--v-if--></div><!--v-if--><!--v-if--><!--v-if--><!--v-if--><!--v-if--><div class="margin-top--one skeleton-loader_tile-button"><span aria-label="product is loading" data-test="pdl-skeleton-loader-box" class="skeleton-loader_box" style="height: 4.4rem; width: 100%;"></span></div></div></div><!-- MOBILE VIEW --><!--v-if--><!-- This is for xxsmall devices --><div class="mobile-product-list-cell_bottom m-4 hidden"><!--v-if--><span aria-label="product is loading" data-test="pdl-skeleton-loader-box" class="skeleton-loader_box" style="height: 4.4rem; width: 14rem;"></span></div><!--v-if--><!--v-if--></li></ul></div><!--v-if--><!--v-if--><!--v-if--><!--v-if--></div></div><!--v-if--><!--v-if--><!--v-if--><!--v-if--><!--v-if--><!--v-if--><!--v-if--><!--v-if--><!--v-if--><!--v-if--><!--v-if--><!--v-if--><!--v-if--><!--v-if--><!--v-if--><!--v-if--><!--v-if--><!--v-if--><!--v-if--><!--v-if--><!--v-if--><!--v-if--><!--v-if--><!--v-if--><!--v-if--><!--v-if--><!--v-if--><!--v-if--><!--v-if--><!--v-if--><!--v-if--><!--v-if--><!--v-if--></div><div class="pdl-generic-content_full"><!--v-if--><!--v-if--><!--v-if--><!--v-if--><!--v-if--><!--v-if--><!--v-if--><!--v-if--><!--v-if--><!--v-if--><!--v-if--><!--v-if--><!--v-if--><!--v-if--><!--v-if--><!--v-if--><!--v-if--><!--v-if--><!--v-if--><!--v-if--><!--v-if--><!--v-if--><!--v-if--><!--v-if--><!--v-if--><!--v-if--><div class="pdl-generic-content_container--max pdl-generic-content_full"><!--v-if--><!--v-if--><!--v-if--><!--v-if--><!--v-if--><!--v-if--><div><div><div class="relative-el spyglass-nav-group_wrapper bannerx-test-id-category-banner-x pdl-generic-content_container--max" data-seq-id="bannerx-browse-aisles" role="region" aria-label="Sponsored Ad"><div class="flex items-center my-12 flex-col"><div class="flex cursor-pointer"><img src="https://stopandshop.com/" alt="Creative features Smithfield, Eckrich, and Carando logos and recipe image is of bacon-wrapped meat and veggies" class="bg-cover bg-center border-none rounded-l-brand"><div class="border border-solid border-gray-100 rounded-r-brand border-l-none w-[36.4rem] h-[17rem]"><!-- {'w-[35.8rem]': isSuperSkinny && isMobile}, --><div class="flex h-full items-center ml-12"><!--v-if--><div class="flex flex-col"><span class="text-gray-900 font-bold text-2xl">Your next favorite spring cookout</span><!--v-if--><span class="text-gray-900 text-base leading-[2.2rem]">Bring more bacon goodness to the backyard</span><span class="flex text-primary group hover:transition-all text-base mt-4 font-semibold leading-[1.6rem]">Shop Now <div class="w-12 h-6 ml-2 pt-[.4rem] transition duration-150 ease-out group-hover:ease-in group-hover:translate-x-2 pt-[.4rem]"><svg xmlns="http://www.w3.org/2000/svg" class="vector-icon-color--prime" aria-label="Right Arrow" viewBox="0 0 32 32" role="presentation" aria-hidden="true" focusable="false"><title lang="en">Right Arrow</title><desc></desc><g fill="" stroke=""><path d="M13.9.3c-.4-.4-1-.4-1.4 0s-.4 1 0 1.4L14.8 4H1.7c-.6 0-1 .4-1 1s.4 1 1 1h13.1l-2.3 2.3c-.4.4-.4 1 0 1.4.4.4 1 .4 1.4 0l3.3-3.3c.8-.8.8-2 0-2.8L13.9.3z"></path></g></svg></div></span></div></div><!--v-if--></div></div><div class="flex justify-end mt-3.5 w-[72.8rem]"><span class="text-gray-600 text-xs leading-[1.2rem]">Sponsored</span></div></div><!--v-if--></div></div></div><!--v-if--><!--v-if--><!--v-if--><!--v-if--><!--v-if--><!--v-if--></div><!--v-if--><!--v-if--><!--v-if--><!--v-if--><!--v-if--><!--v-if--><!--v-if--><!--v-if--><!--v-if--><!--v-if--></div><div class="pdl-generic-content_full"><!--v-if--><!--v-if--><!--v-if--><!--v-if--><!--v-if--><!--v-if--><!--v-if--><!--v-if--><!--v-if--><!--v-if--><!--v-if--><!--v-if--><!--v-if--><!--v-if--><!--v-if--><!--v-if--><!--v-if--><!--v-if--><!--v-if--><!--v-if--><!--v-if--><!--v-if--><!--v-if--><!--v-if--><!--v-if--><!--v-if--><div class="pdl-generic-content_container--max pdl-generic-content_full"><!--v-if--><!--v-if--><!--v-if--><!--v-if--><!--v-if--><!--v-if--><!--v-if--><!--v-if--><!--v-if--><!--v-if--><!--v-if--><!--v-if--><!--v-if--></div><!--v-if--><!--v-if--><!--v-if--><!--v-if--><!--v-if--><!--v-if--><!--v-if--><!--v-if--><!--v-if--><!--v-if--></div></div></div></div><!--v-if--><!--v-if--><!--v-if--></div></div><!--v-if--></div></div></div></div><!--v-if--><!--v-if--><div class="chat fixed" aria-hidden="false"><div class="launchchat flex items-center justify-center rounded"><button class="launchchat-button border border-solid" aria-label="Launch chat"><div class="vector-icon-size--large flex justify-center align-center"><svg xmlns="http://www.w3.org/2000/svg" class="" aria-label="CarrotLeft" viewBox="0 0 32 32" role="presentation" aria-hidden="true" focusable="false"><title lang="en">CarrotLeft</title><desc></desc><g fill="white" stroke=""><g><path d="M11.3413293,5.64 L11.3413293,5.77086565 L11.2950114,5.77846976 C7.58642302,6.45502076 4.8,9.69702643 4.8,13.5695795 L4.804508,13.8384085 C4.90944073,16.9638182 6.83736605,19.6957162 9.65517453,20.8798148 L9.70843852,20.9004975 L9.70892682,26.3739974 L15.2282345,21.499159 L19.2704205,21.499159 C23.6498149,21.499159 27.2,17.9489738 27.2,13.5695795 C27.2,9.19018515 23.6498149,5.64 19.2704205,5.64 L11.3413293,5.64 Z M12.3751035,7.61254129 L12.69198,7.59321867 L19.2704205,7.59321867 C22.571082,7.59321867 25.2467813,10.268918 25.2467813,13.5695795 C25.2467813,16.870241 22.571082,19.5459403 19.2704205,19.5459403 L14.4905808,19.5459403 L11.6616572,22.0431304 L11.6621455,19.4942309 L10.9722923,19.282333 C8.48441154,18.5181463 6.75321867,16.2122725 6.75321867,13.5695795 C6.75321867,10.4041473 9.22541569,7.79722178 12.3751035,7.61254129 Z" fill-rule="nonzero"></path></g></g></svg></div></button></div><div class="chatwindow" style="display: none;"><header class="chatwindow-header flex items-center justify-between"><div class="chatwindow-header_title flex flex-row items-center justify-start font-semibold"><!--v-if--><div class="chatwindow-header_text chatwindow-header_text-solo">Stop &amp; Shop Chat</div></div><div class="flex justify-end items-center"><div class="chatwindow-close"><button class="chatwindow-header_button h-12 w-12 p-0 leading-none flex-shrink-0 btn" aria-label="close chat"><div class="vector-icon-size--xsmall"><svg xmlns="http://www.w3.org/2000/svg" class="vector-icon-color--white" aria-label="Minus" viewBox="0 0 32 32" role="presentation" aria-hidden="true" focusable="false"><title lang="en">Minus</title><desc></desc><g fill="" stroke="black"><path d="M0 12.574h32v6.859h-32v-6.859z"></path></g></svg></div></button><button class="chatwindow-header_button h-12 w-12 p-0 leading-none flex-shrink-0 btn" aria-label="close chat"><div class="vector-icon-size--xsmall"><svg xmlns="http://www.w3.org/2000/svg" class="vector-icon-color--white" aria-label="Close" viewBox="0 0 32 32" role="presentation" aria-hidden="true" focusable="false"><title lang="en">Close</title><desc></desc><g fill="" stroke="black"><path d="M0.646 31.354c0.861 0.861 2.262 0.861 3.123 0l12.23-12.23 12.23 12.23c0.861 0.861 2.262 0.861 3.123 0s0.861-2.262 0-3.123l-12.23-12.23 12.23-12.23c0.861-0.861 0.861-2.262 0-3.123s-2.262-0.861-3.123 0l-12.23 12.23-12.23-12.23c-0.861-0.861-2.262-0.861-3.123 0s-0.861 2.262 0 3.123l12.23 12.23-12.23 12.23c-0.862 0.861-0.862 2.262 0 3.123z"></path></g></svg></div></button></div></div></header><div class="chatwindow-content overflow-x-hidden"><div class="h-full"><!--v-if--><!--v-if--><!--v-if--><!--v-if--></div><!--v-if--></div></div></div></div></div>


<iframe name="__launchpadLocator" style="display: none;" src="./Browse Aisles - Meat _ Stop &amp; Shop_files/saved_resource.html"></iframe><apple-pay-merchandising-modal style="visibility: hidden; font-family: var(--apple-pay-font-family, &#39;-apple-system&#39;, &#39;SF Pro Display&#39;, &#39;SF Pro Icons&#39;, &#39;Helvetica Neue&#39;, &#39;Helvetica&#39;, &#39;Arial&#39;, &#39;sans-serif&#39;); position: fixed; overflow: scroll; inset: 0px; display: flex; background-color: rgba(50, 50, 50, 0.58); justify-content: center; padding: 2rem 0px; user-select: text; opacity: 0; transition: visibility 0.28s, opacity 0.28s, z-index 0.28s; z-index: -1;"><template shadowrootmode="closed"><section class="dialog" id="dialog-section" role="dialog" aria-modal="true" style="border-radius: 21px; background: rgb(255, 255, 255); border: none; padding: 0px; width: fit-content; height: fit-content; position: relative; margin: auto; opacity: 0; transform: scale(0.97) translateZ(0px); transition: 0.108s 0.054s; --apple-pay-modal-padding-top: 22px; --apple-pay-modal-padding-bottom: 22px; --apple-pay-modal-padding-inline: 22px;"><div class="content" style="margin-inline-start: var(--apple-pay-modal-padding-inline); margin-inline-end: var(--apple-pay-modal-padding-inline); margin-top: var(--apple-pay-modal-padding-top); margin-bottom: var(--apple-pay-modal-padding-bottom); position: relative;"><iframe src="https://stopandshop.com/" frameborder="0" scrolling="no" loading="lazy" style="visibility: hidden;"></iframe></div><a class="close" aria-label="Close Button" href="https://stopandshop.com/#apple-pay-close" style="height: 36px; position: absolute; top: 20px; right: 20px; width: 36px; border-radius: 36px; display: flex; background-color: rgb(232, 232, 237); color: rgba(0, 0, 0, 0.56); justify-content: center; align-items: center; outline: none;"><svg alt="Close Button" xmlns="http://www.w3.org/2000/svg" viewBox="0 0 20 20" width="36px" height="36px" style="visibility: hidden; fill: currentcolor; width: 20px; height: 20px;"><path d="M12.12,10l4.07-4.06a1.5,1.5,0,1,0-2.11-2.12L10,7.88,5.94,3.81A1.5,1.5,0,1,0,3.82,5.93L7.88,10,3.81,14.06a1.5,1.5,0,0,0,0,2.12,1.51,1.51,0,0,0,2.13,0L10,12.12l4.06,4.07a1.45,1.45,0,0,0,1.06.44,1.5,1.5,0,0,0,1.06-2.56Z"></path></svg></a></section></template></apple-pay-merchandising-modal><script src="./Browse Aisles - Meat _ Stop &amp; Shop_files/launch-43b34c910ed6.min.js.download" type="text/javascript" async="" id="undefined"></script><script>_satellite["_runScript1"](function(event, target, Promise) {
// ONLY FOR MANUAL CALLS FOR EVENTS TRIGGERED PRIOR TO THE SDK LOADING

const ga4Elements = window.dataLayer?.filter(item => !!item?.GA4 && !!item.event); // There are events that contain { GA4: null }

if (ga4Elements && ga4Elements.length > 0) {
  ga4Elements.forEach(ga4Event => {
    // Direct Call with the GA4 event name
    _satellite.track(ga4Event.event, ga4Event);
  });
}

});</script>
<script type="text/javascript" id="" charset="">(function(){var l=function(e,g,f,h){this.get=function(a){a+="\x3d";for(var b=document.cookie.split(";"),c=0,k=b.length;c<k;c++){for(var d=b[c];" "==d.charAt(0);)d=d.substring(1,d.length);if(0==d.indexOf(a))return d.substring(a.length,d.length)}return null};this.set=function(a,b){var c=new Date;c.setTime(c.getTime()+6048E5);c="; expires\x3d"+c.toGMTString();document.cookie=a+"\x3d"+b+c+"; path\x3d/; "};this.check=function(){var a=this.get(f);if(a)a=a.split(":");else if(100!=e)"v"==g&&(e=Math.random()>=
e/100?0:100),a=[g,e,0],this.set(f,a.join(":"));else return!0;var b=a[1];if(100==b)return!0;switch(a[0]){case "v":return!1;case "r":return b=a[2]%Math.floor(100/b),a[2]++,this.set(f,a.join(":")),!b}return!0};this.go=function(){if(this.check()){var a=document.createElement("script");a.type="text/javascript";a.src=h;document.body&&document.body.appendChild(a)}};this.start=function(){var a=this;"complete"!==document.readyState?window.addEventListener?window.addEventListener("load",function(){a.go()},
!1):window.attachEvent&&window.attachEvent("onload",function(){a.go()}):a.go()}};try{(new l(100,"r","QSI_S_ZN_3f8e6TCEOtW1Rnn","https://zn3f8e6tceotw1rnn-aholddelhaize.siteintercept.qualtrics.com/SIE/?Q_ZID\x3dZN_3f8e6TCEOtW1Rnn")).start()}catch(e){}})();</script><div id="ZN_3f8e6TCEOtW1Rnn"></div>

<script type="text/javascript" id="" charset="">window.dataLayer.push({epsilon:null});
var bannerCheck=google_tag_manager["rm"]["91052981"](50),brands={"giantfood.com":{bannerCo:"82344",magicID:"315e9c",ePath:"giantfood.com"},"www2.giantfood.com":{bannerCo:"82344",magicID:"315e9c",ePath:"giantfood.com"},"giantfoodstores.com":{bannerCo:"82345",magicID:"697cf4",ePath:"giantfoodstores.com"},"www2.giantfoodstores.com":{bannerCo:"82345",magicID:"697cf4",ePath:"giantfoodstores.com"},"martinsfoods.com":{bannerCo:"82345",magicID:"697cf4",ePath:"martinsfoods.com"},"www2.martinsfoods.com":{bannerCo:"82345",magicID:"697cf4",
ePath:"martinsfoods.com"},"stopandshop.com":{bannerCo:"82346",magicID:"e262b1",ePath:"stopandshop.com"},"www2.stopandshop.com":{bannerCo:"82346",magicID:"e262b1",ePath:"stopandshop.com"},"foodlion.com":{bannerCo:"82347",magicID:"933eb6",ePath:"foodlion.com"},"www2.foodlion.com":{bannerCo:"82347",magicID:"933eb6",ePath:"foodlion.com"}},brandData=brands[bannerCheck],bannerCo=brandData?brandData.bannerCo:void 0,magicID=brandData?brandData.magicID:void 0,ePath=brandData?brandData.ePath:void 0,bannerPath=
google_tag_manager["rm"]["91052981"](51)||"/";
if(bannerPath==="/"||bannerPath==="/home")var bannerPage="1",bannerPageName="homepage";else if(bannerPath.startsWith("/browse-aisles/categories/1/categories/")){var re=RegExp("categories/1/categories/\\d*/categories");if(re.exec(bannerPath)){bannerPage="3";bannerPageName="category";var bannerPageCat=google_tag_manager["rm"]["91052981"](53)}else{bannerPage="2";bannerPageName="department";var bannerPageDept=google_tag_manager["rm"]["91052981"](55);bannerPageCat=void 0}}else bannerPath.startsWith("/product/")?(bannerPage="5",bannerPageName=
"product detail"):(bannerPath==="/cart"?(bannerPage="6",bannerPageName="cart page"):bannerPath.startsWith("/product-search/")?(bannerPage="7",bannerPageName="search results"):google_tag_manager["rm"]["91052981"](56)=="Service Selection Modal"&&google_tag_manager["rm"]["91052981"](57)==""&&google_tag_manager["rm"]["91052981"](58)!="/cart"||bannerPath==="modal/service-type-selection-modal/pickup"||bannerPath==="modal/service-type-selection-modal/delivery"||bannerPath==="modal/service-type-selection-modal/instore"?(bannerPage="10",bannerPageName="store locator"):
bannerPath==="/past-purchases"?(bannerPage="17",bannerPageName="past purchases"):bannerPath==="/savings"?(bannerPage="18",bannerPageName="all specials"):bannerPath.startsWith("/pages/")?(bannerPage="19",bannerPageName="all splash pages"):bannerPath==="modal/service-type-selection-modal/serviceType"?(bannerPage="11",bannerPageName="shopping method"):bannerPath==="/registration/loyalty-success"?(bannerPage="941",bannerPageName="account signup"):bannerPath.startsWith("/account")?bannerPath.startsWith("/account/payment/")?
(bannerPage="21",bannerPageName="enter payment information"):(bannerPage="942",bannerPageName="account center"):(bannerPage="400",bannerPageName="catchall"),bannerPageCat=bannerPageDept=void 0);window.dataLayer=window.dataLayer||[];window.dataLayer.push({event:"epsilon-visit-tag-values",epsilon:{epsilonBanner:bannerCo,epsilonTagPath:ePath,epsilonMagicID:magicID,epsilonPage:bannerPage,epsilonPageName:bannerPageName,epsilonDept:bannerPageDept,epsilonCat:bannerPageCat}});</script>

<img style="display: none;" src="./Browse Aisles - Meat _ Stop &amp; Shop_files/711083.gif" class="optanon-category-C0004 ">





<script type="text/javascript" id="" charset="">(function(){var l=function(e,g,f,h){this.get=function(a){a+="\x3d";for(var b=document.cookie.split(";"),c=0,k=b.length;c<k;c++){for(var d=b[c];" "==d.charAt(0);)d=d.substring(1,d.length);if(0==d.indexOf(a))return d.substring(a.length,d.length)}return null};this.set=function(a,b){var c=new Date;c.setTime(c.getTime()+6048E5);c="; expires\x3d"+c.toGMTString();document.cookie=a+"\x3d"+b+c+"; path\x3d/; "};this.check=function(){var a=this.get(f);if(a)a=a.split(":");else if(100!=e)"v"==g&&(e=Math.random()>=
e/100?0:100),a=[g,e,0],this.set(f,a.join(":"));else return!0;var b=a[1];if(100==b)return!0;switch(a[0]){case "v":return!1;case "r":return b=a[2]%Math.floor(100/b),a[2]++,this.set(f,a.join(":")),!b}return!0};this.go=function(){if(this.check()){var a=document.createElement("script");a.type="text/javascript";a.src=h;document.body&&document.body.appendChild(a)}};this.start=function(){var a=this;"complete"!==document.readyState?window.addEventListener?window.addEventListener("load",function(){a.go()},
!1):window.attachEvent&&window.attachEvent("onload",function(){a.go()}):a.go()}};try{(new l(100,"r","QSI_S_ZN_3f8e6TCEOtW1Rnn","https://zn3f8e6tceotw1rnn-aholddelhaize.siteintercept.qualtrics.com/SIE/?Q_ZID\x3dZN_3f8e6TCEOtW1Rnn")).start()}catch(e){}})();</script><div id="ZN_3f8e6TCEOtW1Rnn"></div>

<script type="text/javascript" id="" charset="">var dtm_config={dtm_user_id:google_tag_manager["rm"]["91052981"](65),dtm_email_hash:"",dtmc_session_id:google_tag_manager["rm"]["91052981"](66),dtmc_department:google_tag_manager["rm"]["91052981"](67),dtmc_category:google_tag_manager["rm"]["91052981"](68),dtmc_sub_category:"",dtmc_product_id:"",dtmc_brand:"",dtmc_upc:"",dtmc_mpn:""};</script>
<script id="" text="" charset="" type="text/javascript" src="./Browse Aisles - Meat _ Stop &amp; Shop_files/1_0"></script>
<script type="text/javascript" id="" charset="">window.dataLayer.push({epsilon:null});
var bannerCheck=google_tag_manager["rm"]["91052981"](70),brands={"giantfood.com":{bannerCo:"82344",magicID:"315e9c",ePath:"giantfood.com"},"www2.giantfood.com":{bannerCo:"82344",magicID:"315e9c",ePath:"giantfood.com"},"giantfoodstores.com":{bannerCo:"82345",magicID:"697cf4",ePath:"giantfoodstores.com"},"www2.giantfoodstores.com":{bannerCo:"82345",magicID:"697cf4",ePath:"giantfoodstores.com"},"martinsfoods.com":{bannerCo:"82345",magicID:"697cf4",ePath:"martinsfoods.com"},"www2.martinsfoods.com":{bannerCo:"82345",magicID:"697cf4",
ePath:"martinsfoods.com"},"stopandshop.com":{bannerCo:"82346",magicID:"e262b1",ePath:"stopandshop.com"},"www2.stopandshop.com":{bannerCo:"82346",magicID:"e262b1",ePath:"stopandshop.com"},"foodlion.com":{bannerCo:"82347",magicID:"933eb6",ePath:"foodlion.com"},"www2.foodlion.com":{bannerCo:"82347",magicID:"933eb6",ePath:"foodlion.com"}},brandData=brands[bannerCheck],bannerCo=brandData?brandData.bannerCo:void 0,magicID=brandData?brandData.magicID:void 0,ePath=brandData?brandData.ePath:void 0,bannerPath=
google_tag_manager["rm"]["91052981"](71)||"/";
if(bannerPath==="/"||bannerPath==="/home")var bannerPage="1",bannerPageName="homepage";else if(bannerPath.startsWith("/browse-aisles/categories/1/categories/")){var re=RegExp("categories/1/categories/\\d*/categories");if(re.exec(bannerPath)){bannerPage="3";bannerPageName="category";var bannerPageCat=google_tag_manager["rm"]["91052981"](73)}else{bannerPage="2";bannerPageName="department";var bannerPageDept=google_tag_manager["rm"]["91052981"](75);bannerPageCat=void 0}}else bannerPath.startsWith("/product/")?(bannerPage="5",bannerPageName=
"product detail"):(bannerPath==="/cart"?(bannerPage="6",bannerPageName="cart page"):bannerPath.startsWith("/product-search/")?(bannerPage="7",bannerPageName="search results"):google_tag_manager["rm"]["91052981"](76)=="Service Selection Modal"&&google_tag_manager["rm"]["91052981"](77)==""&&google_tag_manager["rm"]["91052981"](78)!="/cart"||bannerPath==="modal/service-type-selection-modal/pickup"||bannerPath==="modal/service-type-selection-modal/delivery"||bannerPath==="modal/service-type-selection-modal/instore"?(bannerPage="10",bannerPageName="store locator"):
bannerPath==="/past-purchases"?(bannerPage="17",bannerPageName="past purchases"):bannerPath==="/savings"?(bannerPage="18",bannerPageName="all specials"):bannerPath.startsWith("/pages/")?(bannerPage="19",bannerPageName="all splash pages"):bannerPath==="modal/service-type-selection-modal/serviceType"?(bannerPage="11",bannerPageName="shopping method"):bannerPath==="/registration/loyalty-success"?(bannerPage="941",bannerPageName="account signup"):bannerPath.startsWith("/account")?bannerPath.startsWith("/account/payment/")?
(bannerPage="21",bannerPageName="enter payment information"):(bannerPage="942",bannerPageName="account center"):(bannerPage="400",bannerPageName="catchall"),bannerPageCat=bannerPageDept=void 0);window.dataLayer=window.dataLayer||[];window.dataLayer.push({event:"epsilon-visit-tag-values",epsilon:{epsilonBanner:bannerCo,epsilonTagPath:ePath,epsilonMagicID:magicID,epsilonPage:bannerPage,epsilonPageName:bannerPageName,epsilonDept:bannerPageDept,epsilonCat:bannerPageCat}});</script>

<script type="text/javascript" id="" charset="">var dtm_config={dtm_user_id:google_tag_manager["rm"]["91052981"](80),dtm_email_hash:"",dtmc_session_id:google_tag_manager["rm"]["91052981"](81),dtmc_department:google_tag_manager["rm"]["91052981"](82),dtmc_category:google_tag_manager["rm"]["91052981"](83),dtmc_sub_category:"",dtmc_product_id:"",dtmc_brand:"",dtmc_upc:"",dtmc_mpn:""};</script>
<script id="" text="" charset="" type="text/javascript" src="./Browse Aisles - Meat _ Stop &amp; Shop_files/1_0(1)"></script>
<script type="text/javascript" id="" charset="">!function(b,e,f,g,a,c,d){b.fbq||(a=b.fbq=function(){a.callMethod?a.callMethod.apply(a,arguments):a.queue.push(arguments)},b._fbq||(b._fbq=a),a.push=a,a.loaded=!0,a.version="2.0",a.queue=[],c=e.createElement(f),c.async=!0,c.src=g,d=e.getElementsByTagName(f)[0],d.parentNode.insertBefore(c,d))}(window,document,"script","https://connect.facebook.net/en_US/fbevents.js");fbq("init","644428442669458");fbq("track","PageView");</script>

<script type="text/javascript" id="" charset="">try{fbq("track","ViewContent")}catch(a){};</script>

<script id="" text="" charset="" type="text/javascript" src="./Browse Aisles - Meat _ Stop &amp; Shop_files/core(1).js.download"></script><script id="" text="" charset="" type="text/javascript" src="./Browse Aisles - Meat _ Stop &amp; Shop_files/adelphic_universal_pixel.js.download"></script><script type="text/javascript" id="" charset="">fbq("track","PageView");</script>
<script type="text/javascript" id="" charset="">!function(d,g,e){d.TiktokAnalyticsObject=e;var a=d[e]=d[e]||[];a.methods="page track identify instances debug on off once ready alias group enableCookie disableCookie".split(" ");a.setAndDefer=function(b,c){b[c]=function(){b.push([c].concat(Array.prototype.slice.call(arguments,0)))}};for(d=0;d<a.methods.length;d++)a.setAndDefer(a,a.methods[d]);a.instance=function(b){b=a._i[b]||[];for(var c=0;c<a.methods.length;c++)a.setAndDefer(b,a.methods[c]);return b};a.load=function(b,c){var f="https://analytics.tiktok.com/i18n/pixel/events.js";
a._i=a._i||{};a._i[b]=[];a._i[b]._u=f;a._t=a._t||{};a._t[b]=+new Date;a._o=a._o||{};a._o[b]=c||{};c=document.createElement("script");c.type="text/javascript";c.async=!0;c.src=f+"?sdkid\x3d"+b+"\x26lib\x3d"+e;b=document.getElementsByTagName("script")[0];b.parentNode.insertBefore(c,b)};a.load("CMO2NERC77UB6TL33JN0");a.page()}(window,document,"ttq");</script>
<script id="" text="" charset="" type="text/javascript" src="./Browse Aisles - Meat _ Stop &amp; Shop_files/viant_universal_pixel.js.download"></script>
<script type="text/javascript" id="" charset="">!function(b,e,f,g,a,c,d){b.fbq||(a=b.fbq=function(){a.callMethod?a.callMethod.apply(a,arguments):a.queue.push(arguments)},b._fbq||(b._fbq=a),a.push=a,a.loaded=!0,a.version="2.0",a.queue=[],c=e.createElement(f),c.async=!0,c.src=g,d=e.getElementsByTagName(f)[0],d.parentNode.insertBefore(c,d))}(window,document,"script","https://connect.facebook.net/en_US/fbevents.js");fbq("init","1175929780108921");fbq("track","PageView");</script>
<noscript><img height="1" width="1" style="display:none" src="https://www.facebook.com/tr?id=1175929780108921&amp;ev=PageView&amp;noscript=1"></noscript>

<script type="text/javascript" id="" charset="">!function(b,e,f,g,a,c,d){b.fbq||(a=b.fbq=function(){a.callMethod?a.callMethod.apply(a,arguments):a.queue.push(arguments)},b._fbq||(b._fbq=a),a.push=a,a.loaded=!0,a.version="2.0",a.queue=[],c=e.createElement(f),c.async=!0,c.src=g,d=e.getElementsByTagName(f)[0],d.parentNode.insertBefore(c,d))}(window,document,"script","https://connect.facebook.net/en_US/fbevents.js");fbq("init","381042808319744");fbq("track","PageView");</script>
<noscript><img height="1" width="1" style="display:none" src="https://www.facebook.com/tr?id=381042808319744&amp;ev=PageView&amp;noscript=1"></noscript>

<script type="text/javascript" id="" charset="">!function(b,e,f,g,a,c,d){b.fbq||(a=b.fbq=function(){a.callMethod?a.callMethod.apply(a,arguments):a.queue.push(arguments)},b._fbq||(b._fbq=a),a.push=a,a.loaded=!0,a.version="2.0",a.queue=[],c=e.createElement(f),c.async=!0,c.src=g,d=e.getElementsByTagName(f)[0],d.parentNode.insertBefore(c,d))}(window,document,"script","https://connect.facebook.net/en_US/fbevents.js");fbq("init","644428442669458");fbq("track","PageView");</script>

<script type="text/javascript" id="" charset="">try{fbq("track","ViewContent")}catch(a){};</script>

<script type="text/javascript" id="" charset="">(function(g,e,a,f,b,c,d){b.ire_o=a;b[a]=b[a]||function(){(b[a].a=b[a].a||[]).push(arguments)};c=f.createElement(e);d=f.getElementsByTagName(e)[0];c.async=1;c.src=g;d.parentNode.insertBefore(c,d)})("//d.impactradius-event.com/A2054612-eddf-474e-8f15-1c17aba4527a1.js","script","ire",document,window);console.log("Impact - Universal: not loggedIn");</script>

<script id="" text="" charset="" type="text/javascript" src="./Browse Aisles - Meat _ Stop &amp; Shop_files/core(1).js.download"></script><script id="" text="" charset="" type="text/javascript" src="./Browse Aisles - Meat _ Stop &amp; Shop_files/adelphic_universal_pixel.js.download"></script><script type="text/javascript" id="" charset="">fbq("track","PageView");</script>
<script type="text/javascript" id="" charset="">!function(d,g,e){d.TiktokAnalyticsObject=e;var a=d[e]=d[e]||[];a.methods="page track identify instances debug on off once ready alias group enableCookie disableCookie".split(" ");a.setAndDefer=function(b,c){b[c]=function(){b.push([c].concat(Array.prototype.slice.call(arguments,0)))}};for(d=0;d<a.methods.length;d++)a.setAndDefer(a,a.methods[d]);a.instance=function(b){b=a._i[b]||[];for(var c=0;c<a.methods.length;c++)a.setAndDefer(b,a.methods[c]);return b};a.load=function(b,c){var f="https://analytics.tiktok.com/i18n/pixel/events.js";
a._i=a._i||{};a._i[b]=[];a._i[b]._u=f;a._t=a._t||{};a._t[b]=+new Date;a._o=a._o||{};a._o[b]=c||{};c=document.createElement("script");c.type="text/javascript";c.async=!0;c.src=f+"?sdkid\x3d"+b+"\x26lib\x3d"+e;b=document.getElementsByTagName("script")[0];b.parentNode.insertBefore(c,b)};a.load("CMO2NERC77UB6TL33JN0");a.page()}(window,document,"ttq");</script>
<script id="" text="" charset="" type="text/javascript" src="./Browse Aisles - Meat _ Stop &amp; Shop_files/viant_universal_pixel.js.download"></script>
<script type="text/javascript" id="" charset="">!function(b,e,f,g,a,c,d){b.fbq||(a=b.fbq=function(){a.callMethod?a.callMethod.apply(a,arguments):a.queue.push(arguments)},b._fbq||(b._fbq=a),a.push=a,a.loaded=!0,a.version="2.0",a.queue=[],c=e.createElement(f),c.async=!0,c.src=g,d=e.getElementsByTagName(f)[0],d.parentNode.insertBefore(c,d))}(window,document,"script","https://connect.facebook.net/en_US/fbevents.js");fbq("init","1175929780108921");fbq("track","PageView");</script>
<noscript><img height="1" width="1" style="display:none" src="https://www.facebook.com/tr?id=1175929780108921&amp;ev=PageView&amp;noscript=1"></noscript>

<script type="text/javascript" id="" charset="">!function(b,e,f,g,a,c,d){b.fbq||(a=b.fbq=function(){a.callMethod?a.callMethod.apply(a,arguments):a.queue.push(arguments)},b._fbq||(b._fbq=a),a.push=a,a.loaded=!0,a.version="2.0",a.queue=[],c=e.createElement(f),c.async=!0,c.src=g,d=e.getElementsByTagName(f)[0],d.parentNode.insertBefore(c,d))}(window,document,"script","https://connect.facebook.net/en_US/fbevents.js");fbq("init","381042808319744");fbq("track","PageView");</script>
<noscript><img height="1" width="1" style="display:none" src="https://www.facebook.com/tr?id=381042808319744&amp;ev=PageView&amp;noscript=1"></noscript>

<iframe height="0" width="0" style="display: none; visibility: hidden;" src="./Browse Aisles - Meat _ Stop &amp; Shop_files/saved_resource(2).html"></iframe><script id="" text="" charset="" type="text/javascript" src="./Browse Aisles - Meat _ Stop &amp; Shop_files/detector-dom.min.js.download"></script>
<script type="text/javascript" id="" charset="">try{ire("identify",{campaignId:10966,customerId:"",customerEmail:""},{tag:"xhr"})}catch(a){};</script>
<script type="text/javascript" src="./Browse Aisles - Meat _ Stop &amp; Shop_files/8545500175.js.download" async="" id="undefined" class="optanon-category-C0002-C0004 "></script><script type="text/javascript" class="optanon-category-C0004">
var cookieNameCampaign  = "lr_utm_campaign"; 
var cookieValueCampaign = google_tag_manager["rm"]["91052981"](5) ? google_tag_manager["rm"]["91052981"](6) : google_tag_manager["rm"]["91052981"](7) || "(not set)";   
var cookieNameMedium  = "lr_utm_medium"; 
var cookieValueMedium =  google_tag_manager["rm"]["91052981"](8) ? google_tag_manager["rm"]["91052981"](9) : google_tag_manager["rm"]["91052981"](10) || "(none)"; 
var cookieNameSource  = "lr_utm_source"; 
var cookieValueSource = google_tag_manager["rm"]["91052981"](11) ? google_tag_manager["rm"]["91052981"](12) : google_tag_manager["rm"]["91052981"](13) || "(direct)";  
var cookiePath  = "/";
var expirationTime = new Date(+new Date() + 1000 * 60 * 60 * 24 * 30 * 2); //expires after 60 days  
document.cookie = cookieNameCampaign+"="+cookieValueCampaign+"; expires="+expirationTime+"; path="+cookiePath; 
document.cookie = cookieNameMedium+"="+cookieValueMedium+"; expires="+expirationTime+"; path="+cookiePath; 
document.cookie = cookieNameSource+"="+cookieValueSource+"; expires="+expirationTime+"; path="+cookiePath; 
</script><div id="onetrust-consent-sdk"><div class="onetrust-pc-dark-filter ot-hide ot-fade-in"></div><div id="onetrust-pc-sdk" class="otPcCenter ot-hide ot-fade-in" aria-modal="true" role="alertdialog" aria-describedby="ot-pc-desc" lang="en"><!-- Close Button --><div class="ot-pc-header"><!-- Logo Tag --><div class="ot-pc-logo" role="img" aria-label="Company Logo"><img alt="Company Logo" src="./Browse Aisles - Meat _ Stop &amp; Shop_files/Stop_&amp;_Shop_Logo.png"></div><button id="close-pc-btn-handler" class="ot-close-icon" aria-label="Close" style="background-image: url(&quot;https://cdn.cookielaw.org/logos/static/ot_close.svg&quot;);"></button></div><!-- Close Button --><div id="ot-pc-content" class="ot-pc-scrollbar"><h2 id="ot-pc-title"></h2><div id="ot-pc-desc">Your privacy is important to us. As a Stop &amp; Shop customer, you can opt out of targeted advertising and the sale of personal information. To opt out of targeted advertising and the sale of personal information that involve automated technologies, like web browser cookies and trackers, please follow the instruction below or use the Global Privacy Control (GPC) signal.  For more information about our privacy and cookie practices, visit our <a href="https://stopandshop.com/privacy-statement">Privacy Statement</a>. 
<br><br>
Your opt-out request will be specific to the browser and device you are using to access this site right now, and will apply only to the site on which you submit this request. If you clear your web browser cookies, or use a new browser or device to access the site, you will need to request a new opt-out.
<br><br>
To opt out of other disclosures that do not involve automated technologies on this site, complete the <a href="https://privacyportal.onetrust.com/hosted-webform/consent/fa812e0e-a461-4a65-ba51-4e453e4d25ad/3990b4b4-44aa-4ebb-8595-3ecdf49297b8">Non-Automated Opt-Out form</a>.
<br><br>
To Opt-out of Targeted Advertising and Sale of Personal Information, move the toggle below to the left so that it is no longer red and click on the Confirm My Choices button to save your opt-out choice.
</div><section class="ot-sdk-row ot-cat-grp"><h3 id="ot-category-title"> Manage Consent Preferences</h3><div class="ot-accordion-layout ot-cat-item ot-vs-config" data-optanongroupid="BG87"><button aria-expanded="false" ot-accordion="true" aria-controls="ot-desc-id-BG87" aria-labelledby="ot-header-id-BG87"></button><!-- Accordion header --><div class="ot-acc-hdr"><div class="ot-plus-minus"><span></span><span></span></div><h4 class="ot-cat-header" id="ot-header-id-BG87">To Opt-out of Targeted Advertising and Sale of Personal Information, toggle left  and click Confirm My Choices"</h4><div class="ot-tgl"><input type="checkbox" name="ot-group-id-BG87" id="ot-group-id-BG87" aria-checked="true" role="switch" class="category-switch-handler" data-optanongroupid="BG87" checked="" aria-labelledby="ot-header-id-BG87"> <label class="ot-switch" for="ot-group-id-BG87"><span class="ot-switch-nob" aria-checked="false" role="switch"></span> <span class="ot-label-txt">To Opt-out of Targeted Advertising and Sale of Personal Information, toggle left  and click Confirm My Choices"</span></label> </div></div><!-- accordion detail --><div class="ot-acc-grpcntr ot-acc-txt"><p class="ot-acc-grpdesc ot-category-desc" id="ot-desc-id-BG87">To opt out, move the toggle above to the left and click on the Confirm My Choice button to save your opt-out choice.</p></div></div><!-- Groups sections starts --><!-- Group section ends --><!-- Accordion Group section starts --><!-- Accordion Group section ends --></section></div><section id="ot-pc-lst" class="ot-hide ot-hosts-ui ot-pc-scrollbar"><div id="ot-pc-hdr"><div id="ot-lst-title"><button class="ot-link-btn back-btn-handler" aria-label="Back"><svg id="ot-back-arw" xmlns="http://www.w3.org/2000/svg" xmlns:xlink="http://www.w3.org/1999/xlink" x="0px" y="0px" viewBox="0 0 444.531 444.531" xml:space="preserve"><title>Back Button</title><g><path fill="#656565" d="M213.13,222.409L351.88,83.653c7.05-7.043,10.567-15.657,10.567-25.841c0-10.183-3.518-18.793-10.567-25.835
                    l-21.409-21.416C323.432,3.521,314.817,0,304.637,0s-18.791,3.521-25.841,10.561L92.649,196.425
                    c-7.044,7.043-10.566,15.656-10.566,25.841s3.521,18.791,10.566,25.837l186.146,185.864c7.05,7.043,15.66,10.564,25.841,10.564
                    s18.795-3.521,25.834-10.564l21.409-21.412c7.05-7.039,10.567-15.604,10.567-25.697c0-10.085-3.518-18.746-10.567-25.978
                    L213.13,222.409z"></path></g></svg></button><h3>Performance Cookies</h3></div><div class="ot-lst-subhdr"><div class="ot-search-cntr"><p role="status" class="ot-scrn-rdr"></p><label for="vendor-search-handler" class="ot-scrn-rdr"></label> <input id="vendor-search-handler" type="text" name="vendor-search-handler"> <svg xmlns="http://www.w3.org/2000/svg" xmlns:xlink="http://www.w3.org/1999/xlink" x="0px" y="0px" viewBox="0 -30 110 110" aria-hidden="true"><title>Search Icon</title><path fill="#2e3644" d="M55.146,51.887L41.588,37.786c3.486-4.144,5.396-9.358,5.396-14.786c0-12.682-10.318-23-23-23s-23,10.318-23,23
            s10.318,23,23,23c4.761,0,9.298-1.436,13.177-4.162l13.661,14.208c0.571,0.593,1.339,0.92,2.162,0.92
            c0.779,0,1.518-0.297,2.079-0.837C56.255,54.982,56.293,53.08,55.146,51.887z M23.984,6c9.374,0,17,7.626,17,17s-7.626,17-17,17
            s-17-7.626-17-17S14.61,6,23.984,6z"></path></svg></div><div class="ot-fltr-cntr"><button id="filter-btn-handler" aria-label="Filter" aria-haspopup="true"><svg role="presentation" aria-hidden="true" xmlns="http://www.w3.org/2000/svg" xmlns:xlink="http://www.w3.org/1999/xlink" x="0px" y="0px" viewBox="0 0 402.577 402.577" xml:space="preserve"><title>Filter Icon</title><g><path fill="#fff" d="M400.858,11.427c-3.241-7.421-8.85-11.132-16.854-11.136H18.564c-7.993,0-13.61,3.715-16.846,11.136
      c-3.234,7.801-1.903,14.467,3.999,19.985l140.757,140.753v138.755c0,4.955,1.809,9.232,5.424,12.854l73.085,73.083
      c3.429,3.614,7.71,5.428,12.851,5.428c2.282,0,4.66-0.479,7.135-1.43c7.426-3.238,11.14-8.851,11.14-16.845V172.166L396.861,31.413
      C402.765,25.895,404.093,19.231,400.858,11.427z"></path></g></svg></button></div><div id="ot-anchor"></div><section id="ot-fltr-modal"><div id="ot-fltr-cnt"><button id="clear-filters-handler">Clear</button><div class="ot-fltr-scrlcnt ot-pc-scrollbar"><div class="ot-fltr-opts"><div class="ot-fltr-opt"><div class="ot-chkbox"><input id="chkbox-id" type="checkbox" aria-checked="false" class="category-filter-handler"> <label for="chkbox-id"><span class="ot-label-txt">checkbox label</span></label> <span class="ot-label-status">label</span></div></div></div><div class="ot-fltr-btns"><button id="filter-apply-handler">Apply</button> <button id="filter-cancel-handler">Cancel</button></div></div></div></section></div></div><section id="ot-lst-cnt" class="ot-host-cnt ot-pc-scrollbar"><div id="ot-sel-blk"><div class="ot-sel-all"><div class="ot-sel-all-hdr"><span class="ot-consent-hdr">Consent</span> <span class="ot-li-hdr">Leg.Interest</span></div><div class="ot-sel-all-chkbox"><div class="ot-tgl" id="ot-selall-hostcntr"><input type="checkbox" name="switch" id="select-all-hosts-groups-handler" aria-checked="false" role="switch"> <label class="ot-switch" for="select-all-hosts-groups-handler"><span class="ot-switch-nob" aria-checked="false" role="switch"></span> <span class="ot-label-txt">Switch Label</span></label> <span class="ot-label-status">label</span></div><div class="ot-tgl" id="ot-selall-vencntr"><input type="checkbox" name="switch" id="select-all-vendor-groups-handler" aria-checked="false" role="switch"> <label class="ot-switch" for="select-all-vendor-groups-handler"><span class="ot-switch-nob" aria-checked="false" role="switch"></span> <span class="ot-label-txt">Switch Label</span></label> <span class="ot-label-status">label</span></div><div class="ot-tgl" id="ot-selall-licntr"><input type="checkbox" name="switch" id="select-all-vendor-leg-handler" aria-checked="false" role="switch"> <label class="ot-switch" for="select-all-vendor-leg-handler"><span class="ot-switch-nob" aria-checked="false" role="switch"></span> <span class="ot-label-txt">Switch Label</span></label> <span class="ot-label-status">label</span></div></div></div></div><div class="ot-sdk-row"><div class="ot-sdk-column"></div></div></section></section><div class="ot-pc-footer"><div class="ot-btn-container"> <button class="save-preference-btn-handler onetrust-close-btn-handler">Confirm My Choices</button></div><!-- Footer logo --><div class="ot-pc-footer-logo"><a href="https://www.onetrust.com/products/cookie-consent/" target="_blank" rel="noopener noreferrer" aria-label="Powered by OneTrust Opens in a new Tab"><img alt="Powered by Onetrust" src="./Browse Aisles - Meat _ Stop &amp; Shop_files/powered_by_logo.svg" title="Powered by OneTrust Opens in a new Tab"></a></div></div><!-- Cookie subgroup container --><!-- Vendor list link --><!-- Cookie lost link --><!-- Toggle HTML element --><!-- Checkbox HTML --><!-- plus minus--><!-- Arrow SVG element --><!-- Accordion basic element --><span class="ot-scrn-rdr" aria-atomic="true" aria-live="polite"></span><!-- Vendor Service container and item template --><iframe class="ot-text-resize" title="onetrust-text-resize" style="position: absolute; top: -50000px; width: 100em;" aria-hidden="true" src="./Browse Aisles - Meat _ Stop &amp; Shop_files/saved_resource(3).html"></iframe></div></div>
<iframe allow="join-ad-interest-group" data-tagging-id="AW-787499836" data-load-time="1749727140276" height="0" width="0" src="./Browse Aisles - Meat _ Stop &amp; Shop_files/787499836.html" style="display: none; visibility: hidden;" class="optanon-category-C0004 ot-vscat-C0004 "></iframe><iframe allow="join-ad-interest-group" data-tagging-id="AW-787499836" data-load-time="1749727140279" height="0" width="0" src="./Browse Aisles - Meat _ Stop &amp; Shop_files/787499836(1).html" class="optanon-category-C0004 ot-vscat-C0004 " style="display: none; visibility: hidden;"></iframe><iframe allow="join-ad-interest-group" data-tagging-id="AW-773932402" data-load-time="1749727140288" height="0" width="0" src="./Browse Aisles - Meat _ Stop &amp; Shop_files/773932402.html" style="display: none; visibility: hidden;" class="optanon-category-C0004 ot-vscat-C0004 "></iframe><iframe allow="join-ad-interest-group" data-tagging-id="AW-773932402" data-load-time="1749727140291" height="0" width="0" src="./Browse Aisles - Meat _ Stop &amp; Shop_files/773932402(1).html" class="optanon-category-C0004 ot-vscat-C0004 " style="display: none; visibility: hidden;"></iframe><iframe allow="join-ad-interest-group" data-tagging-id="AW-632822510" data-load-time="1749727140299" height="0" width="0" src="./Browse Aisles - Meat _ Stop &amp; Shop_files/632822510.html" style="display: none; visibility: hidden;" class="optanon-category-C0004 ot-vscat-C0004 "></iframe><iframe allow="join-ad-interest-group" data-tagging-id="AW-632822510" data-load-time="1749727140302" height="0" width="0" src="./Browse Aisles - Meat _ Stop &amp; Shop_files/632822510(1).html" class="optanon-category-C0004 ot-vscat-C0004 " style="display: none; visibility: hidden;"></iframe><iframe height="0" width="0" src="./Browse Aisles - Meat _ Stop &amp; Shop_files/activityi.html" class="optanon-category-C0004 " style="display: none; visibility: hidden;"></iframe><iframe allow="join-ad-interest-group" data-tagging-id="DC-10667307/ssoth0/ss_us002+unique" data-load-time="1749727140312" height="0" width="0" src="./Browse Aisles - Meat _ Stop &amp; Shop_files/activityi(1).html" style="display: none; visibility: hidden;" class="optanon-category-C0004 ot-vscat-C0004 "></iframe><iframe height="0" width="0" src="./Browse Aisles - Meat _ Stop &amp; Shop_files/activityi(2).html" class="optanon-category-C0004 " style="display: none; visibility: hidden;"></iframe><iframe allow="join-ad-interest-group" data-tagging-id="DC-10667307/ssoth0/ss_us002+unique" data-load-time="1749727140316" height="0" width="0" src="./Browse Aisles - Meat _ Stop &amp; Shop_files/activityi(3).html" class="optanon-category-C0004 ot-vscat-C0004 " style="display: none; visibility: hidden;"></iframe><iframe height="0" width="0" src="./Browse Aisles - Meat _ Stop &amp; Shop_files/activityi(4).html" class="optanon-category-C0004 " style="display: none; visibility: hidden;"></iframe><iframe allow="join-ad-interest-group" data-tagging-id="DC-10667307/sshom0/ss_us00+unique" data-load-time="1749727140319" height="0" width="0" src="./Browse Aisles - Meat _ Stop &amp; Shop_files/activityi(5).html" class="optanon-category-C0004 ot-vscat-C0004 " style="display: none; visibility: hidden;"></iframe>
<iframe height="0" width="0" aria-hidden="true" alt="" style="pointer-events: none; height: 0px; width: 0px; position: absolute; padding: 0px; margin: 0px; border: 0px; visibility: hidden;" src="./Browse Aisles - Meat _ Stop &amp; Shop_files/saved_resource(4).html"></iframe>
<div id="batBeacon487662577352" style="width: 0px; height: 0px; display: none; visibility: hidden;"><img id="batBeacon106698580211" width="0" height="0" alt="" src="./Browse Aisles - Meat _ Stop &amp; Shop_files/0" class="optanon-category-C0004 " style="width: 0px; height: 0px; display: none; visibility: hidden;"></div><iframe src="./Browse Aisles - Meat _ Stop &amp; Shop_files/a8474790541.html" hidden="" tabindex="-1" title="Optimizely Internal Frame" height="0" width="0" style="display: none;"></iframe>
<script type="text/javascript" id="" charset="">fbq("track","Search");</script><iframe height="0" width="0" src="./Browse Aisles - Meat _ Stop &amp; Shop_files/activityi(6).html" style="display: none; visibility: hidden;" class="optanon-category-C0004 "></iframe><iframe allow="join-ad-interest-group" data-tagging-id="DC-10667307/ssoth0/ss_us001+standard" data-load-time="1749727141146" height="0" width="0" src="./Browse Aisles - Meat _ Stop &amp; Shop_files/activityi(7).html" style="display: none; visibility: hidden;" class="optanon-category-C0004 ot-vscat-C0004 "></iframe>
<script>_satellite["_runScript2"](function(event, target, Promise) {
!event.event&&event?.detail?.GA4&&(event.event={eventModel:event.detail});
});</script><script type="text/javascript" id="" charset="">var bannerCheck=google_tag_manager["rm"]["91052981"](154);switch(bannerCheck){case "giantfood.com":var eBrand="GNTL";break;case "alpha1.giantfood.com":eBrand="GNTL";break;case "giantfoodstores.com":eBrand="GNTC";break;case "martinsfoods.com":eBrand="MRTN";break;case "stopandshop.com":eBrand="STSH";break;case "foodlion.com":eBrand="FDLN"}
dataLayer.push({event:"persistent_params",persistent:{DlUserLoyalty:"undefined",DlUserStore:"2515",DlUserNumOrders:"undefined",DlUserUserId:"2",DlUserBrand:eBrand}});</script><script>_satellite["_runScript3"](function(event, target, Promise) {
!event.event&&event?.detail?.GA4&&(event.event={eventModel:event.detail});
});</script><script>_satellite["_runScript4"](function(event, target, Promise) {
!event.event&&event?.detail?.GA4&&(event.event={eventModel:event.detail});
});</script><script>_satellite["_runScript5"](function(event, target, Promise) {
!event.event&&event?.detail?.GA4&&(event.event={eventModel:event.detail});
});</script><script type="text/javascript" src="./Browse Aisles - Meat _ Stop &amp; Shop_files/saved_resource(1)"></script><script type="text/javascript" src="./Browse Aisles - Meat _ Stop &amp; Shop_files/saved_resource(1)"></script><script src="./Browse Aisles - Meat _ Stop &amp; Shop_files/CoreModule.js.download" defer=""></script><script src="./Browse Aisles - Meat _ Stop &amp; Shop_files/CoreModule.js.download" defer=""></script><script src="./Browse Aisles - Meat _ Stop &amp; Shop_files/UserDefinedHTMLModule.js.download" defer=""></script><script src="./Browse Aisles - Meat _ Stop &amp; Shop_files/UserDefinedHTMLModule.js.download" defer=""></script><script type="text/javascript" id="" charset="">var bannerCheck=google_tag_manager["rm"]["91052981"](166);switch(bannerCheck){case "giantfood.com":var eBrand="GNTL";break;case "alpha1.giantfood.com":eBrand="GNTL";break;case "giantfoodstores.com":eBrand="GNTC";break;case "martinsfoods.com":eBrand="MRTN";break;case "stopandshop.com":eBrand="STSH";break;case "foodlion.com":eBrand="FDLN"}
dataLayer.push({event:"persistent_params",persistent:{DlUserLoyalty:"undefined",DlUserStore:"undefined",DlUserNumOrders:"undefined",DlUserUserId:"331396453",DlUserBrand:eBrand}});</script><script>_satellite["_runScript6"](function(event, target, Promise) {
!event.event&&event?.detail?.GA4&&(event.event={eventModel:event.detail});
});</script><script type="text/plain" src="./Browse Aisles - Meat _ Stop &amp; Shop_files/8545500175.js.download" async="" id="undefined" class="optanon-category-C0002-C0004 "></script><script>_satellite["_runScript7"](function(event, target, Promise) {
!event.event&&event?.detail?.GA4&&(event.event={eventModel:event.detail});
});</script>
<script type="text/javascript" id="" charset="">window.dataLayer.push({epsilon:null});
var bannerCheck=google_tag_manager["rm"]["91052981"](213),brands={"giantfood.com":{bannerCo:"82344",magicID:"315e9c",ePath:"giantfood.com"},"www2.giantfood.com":{bannerCo:"82344",magicID:"315e9c",ePath:"giantfood.com"},"giantfoodstores.com":{bannerCo:"82345",magicID:"697cf4",ePath:"giantfoodstores.com"},"www2.giantfoodstores.com":{bannerCo:"82345",magicID:"697cf4",ePath:"giantfoodstores.com"},"martinsfoods.com":{bannerCo:"82345",magicID:"697cf4",ePath:"martinsfoods.com"},"www2.martinsfoods.com":{bannerCo:"82345",magicID:"697cf4",
ePath:"martinsfoods.com"},"stopandshop.com":{bannerCo:"82346",magicID:"e262b1",ePath:"stopandshop.com"},"www2.stopandshop.com":{bannerCo:"82346",magicID:"e262b1",ePath:"stopandshop.com"},"foodlion.com":{bannerCo:"82347",magicID:"933eb6",ePath:"foodlion.com"},"www2.foodlion.com":{bannerCo:"82347",magicID:"933eb6",ePath:"foodlion.com"}},brandData=brands[bannerCheck],bannerCo=brandData?brandData.bannerCo:void 0,magicID=brandData?brandData.magicID:void 0,ePath=brandData?brandData.ePath:void 0,bannerPath=
google_tag_manager["rm"]["91052981"](214)||"/";
if(bannerPath==="/"||bannerPath==="/home")var bannerPage="1",bannerPageName="homepage";else if(bannerPath.startsWith("/browse-aisles/categories/1/categories/")){var re=RegExp("categories/1/categories/\\d*/categories");if(re.exec(bannerPath)){bannerPage="3";bannerPageName="category";var bannerPageCat=google_tag_manager["rm"]["91052981"](216)}else{bannerPage="2";bannerPageName="department";var bannerPageDept=google_tag_manager["rm"]["91052981"](218);bannerPageCat=void 0}}else bannerPath.startsWith("/product/")?(bannerPage="5",bannerPageName=
"product detail"):(bannerPath==="/cart"?(bannerPage="6",bannerPageName="cart page"):bannerPath.startsWith("/product-search/")?(bannerPage="7",bannerPageName="search results"):google_tag_manager["rm"]["91052981"](219)=="Service Selection Modal"&&google_tag_manager["rm"]["91052981"](220)==""&&google_tag_manager["rm"]["91052981"](221)!="/cart"||bannerPath==="modal/service-type-selection-modal/pickup"||bannerPath==="modal/service-type-selection-modal/delivery"||bannerPath==="modal/service-type-selection-modal/instore"?(bannerPage="10",bannerPageName="store locator"):
bannerPath==="/past-purchases"?(bannerPage="17",bannerPageName="past purchases"):bannerPath==="/savings"?(bannerPage="18",bannerPageName="all specials"):bannerPath.startsWith("/pages/")?(bannerPage="19",bannerPageName="all splash pages"):bannerPath==="modal/service-type-selection-modal/serviceType"?(bannerPage="11",bannerPageName="shopping method"):bannerPath==="/registration/loyalty-success"?(bannerPage="941",bannerPageName="account signup"):bannerPath.startsWith("/account")?bannerPath.startsWith("/account/payment/")?
(bannerPage="21",bannerPageName="enter payment information"):(bannerPage="942",bannerPageName="account center"):(bannerPage="400",bannerPageName="catchall"),bannerPageCat=bannerPageDept=void 0);window.dataLayer=window.dataLayer||[];window.dataLayer.push({event:"epsilon-visit-tag-values",epsilon:{epsilonBanner:bannerCo,epsilonTagPath:ePath,epsilonMagicID:magicID,epsilonPage:bannerPage,epsilonPageName:bannerPageName,epsilonDept:bannerPageDept,epsilonCat:bannerPageCat}});</script>
<script type="text/javascript" id="" charset="">!function(b,e,f,g,a,c,d){b.fbq||(a=b.fbq=function(){a.callMethod?a.callMethod.apply(a,arguments):a.queue.push(arguments)},b._fbq||(b._fbq=a),a.push=a,a.loaded=!0,a.version="2.0",a.queue=[],c=e.createElement(f),c.async=!0,c.src=g,d=e.getElementsByTagName(f)[0],d.parentNode.insertBefore(c,d))}(window,document,"script","https://connect.facebook.net/en_US/fbevents.js");fbq("init","644428442669458");fbq("track","PageView");</script>

<script type="text/javascript" id="" charset="">try{fbq("track","ViewContent")}catch(a){};</script>

<script type="text/javascript" id="" charset="">(function(g,e,a,f,b,c,d){b.ire_o=a;b[a]=b[a]||function(){(b[a].a=b[a].a||[]).push(arguments)};c=f.createElement(e);d=f.getElementsByTagName(e)[0];c.async=1;c.src=g;d.parentNode.insertBefore(c,d)})("//d.impactradius-event.com/A2054612-eddf-474e-8f15-1c17aba4527a1.js","script","ire",document,window);console.log("Impact - Universal: not loggedIn");</script>

<script id="" text="" charset="" type="text/javascript" src="./Browse Aisles - Meat _ Stop &amp; Shop_files/core(1).js.download"></script><script id="" text="" charset="" type="text/javascript" src="./Browse Aisles - Meat _ Stop &amp; Shop_files/adelphic_universal_pixel.js.download"></script><script type="text/javascript" id="" charset="">fbq("track","PageView");</script>
<script type="text/javascript" id="" charset="">!function(d,g,e){d.TiktokAnalyticsObject=e;var a=d[e]=d[e]||[];a.methods="page track identify instances debug on off once ready alias group enableCookie disableCookie".split(" ");a.setAndDefer=function(b,c){b[c]=function(){b.push([c].concat(Array.prototype.slice.call(arguments,0)))}};for(d=0;d<a.methods.length;d++)a.setAndDefer(a,a.methods[d]);a.instance=function(b){b=a._i[b]||[];for(var c=0;c<a.methods.length;c++)a.setAndDefer(b,a.methods[c]);return b};a.load=function(b,c){var f="https://analytics.tiktok.com/i18n/pixel/events.js";
a._i=a._i||{};a._i[b]=[];a._i[b]._u=f;a._t=a._t||{};a._t[b]=+new Date;a._o=a._o||{};a._o[b]=c||{};c=document.createElement("script");c.type="text/javascript";c.async=!0;c.src=f+"?sdkid\x3d"+b+"\x26lib\x3d"+e;b=document.getElementsByTagName("script")[0];b.parentNode.insertBefore(c,b)};a.load("CMO2NERC77UB6TL33JN0");a.page()}(window,document,"ttq");</script>
<script id="" text="" charset="" type="text/javascript" src="./Browse Aisles - Meat _ Stop &amp; Shop_files/viant_universal_pixel.js.download"></script>
<script type="text/javascript" id="" charset="">!function(b,e,f,g,a,c,d){b.fbq||(a=b.fbq=function(){a.callMethod?a.callMethod.apply(a,arguments):a.queue.push(arguments)},b._fbq||(b._fbq=a),a.push=a,a.loaded=!0,a.version="2.0",a.queue=[],c=e.createElement(f),c.async=!0,c.src=g,d=e.getElementsByTagName(f)[0],d.parentNode.insertBefore(c,d))}(window,document,"script","https://connect.facebook.net/en_US/fbevents.js");fbq("init","1175929780108921");fbq("track","PageView");</script>
<noscript><img height="1" width="1" style="display:none" src="https://www.facebook.com/tr?id=1175929780108921&amp;ev=PageView&amp;noscript=1"></noscript>

<script type="text/javascript" id="" charset="">!function(b,e,f,g,a,c,d){b.fbq||(a=b.fbq=function(){a.callMethod?a.callMethod.apply(a,arguments):a.queue.push(arguments)},b._fbq||(b._fbq=a),a.push=a,a.loaded=!0,a.version="2.0",a.queue=[],c=e.createElement(f),c.async=!0,c.src=g,d=e.getElementsByTagName(f)[0],d.parentNode.insertBefore(c,d))}(window,document,"script","https://connect.facebook.net/en_US/fbevents.js");fbq("init","381042808319744");fbq("track","PageView");</script>
<noscript><img height="1" width="1" style="display:none" src="https://www.facebook.com/tr?id=381042808319744&amp;ev=PageView&amp;noscript=1"></noscript><iframe allow="join-ad-interest-group" data-tagging-id="AW-787499836" data-load-time="1749731209918" height="0" width="0" src="./Browse Aisles - Meat _ Stop &amp; Shop_files/787499836(2).html" style="display: none; visibility: hidden;" class="optanon-category-C0004 ot-vscat-C0004 "></iframe><iframe allow="join-ad-interest-group" data-tagging-id="AW-773932402" data-load-time="1749731209924" height="0" width="0" src="./Browse Aisles - Meat _ Stop &amp; Shop_files/773932402(2).html" style="display: none; visibility: hidden;" class="optanon-category-C0004 ot-vscat-C0004 "></iframe><iframe allow="join-ad-interest-group" data-tagging-id="AW-632822510" data-load-time="1749731209931" height="0" width="0" src="./Browse Aisles - Meat _ Stop &amp; Shop_files/632822510(2).html" style="display: none; visibility: hidden;" class="optanon-category-C0004 ot-vscat-C0004 "></iframe><iframe height="0" width="0" src="./Browse Aisles - Meat _ Stop &amp; Shop_files/activityi(8).html" style="display: none; visibility: hidden;" class="optanon-category-C0004 "></iframe><iframe allow="join-ad-interest-group" data-tagging-id="DC-10667307/ssoth0/ss_us002+unique" data-load-time="1749731209938" height="0" width="0" src="./Browse Aisles - Meat _ Stop &amp; Shop_files/activityi(9).html" style="display: none; visibility: hidden;" class="optanon-category-C0004 ot-vscat-C0004 "></iframe><iframe height="0" width="0" src="./Browse Aisles - Meat _ Stop &amp; Shop_files/activityi(10).html" style="display: none; visibility: hidden;" class="optanon-category-C0004 "></iframe><iframe allow="join-ad-interest-group" data-tagging-id="DC-10667307/sshom0/ss_us00+unique" data-load-time="1749731209941" height="0" width="0" src="./Browse Aisles - Meat _ Stop &amp; Shop_files/activityi(11).html" style="display: none; visibility: hidden;" class="optanon-category-C0004 ot-vscat-C0004 "></iframe>


<img style="display: none;" src="./Browse Aisles - Meat _ Stop &amp; Shop_files/711083(1).gif" class="optanon-category-C0004 ">





<script type="text/javascript" id="" charset="">(function(){var l=function(e,g,f,h){this.get=function(a){a+="\x3d";for(var b=document.cookie.split(";"),c=0,k=b.length;c<k;c++){for(var d=b[c];" "==d.charAt(0);)d=d.substring(1,d.length);if(0==d.indexOf(a))return d.substring(a.length,d.length)}return null};this.set=function(a,b){var c=new Date;c.setTime(c.getTime()+6048E5);c="; expires\x3d"+c.toGMTString();document.cookie=a+"\x3d"+b+c+"; path\x3d/; "};this.check=function(){var a=this.get(f);if(a)a=a.split(":");else if(100!=e)"v"==g&&(e=Math.random()>=
e/100?0:100),a=[g,e,0],this.set(f,a.join(":"));else return!0;var b=a[1];if(100==b)return!0;switch(a[0]){case "v":return!1;case "r":return b=a[2]%Math.floor(100/b),a[2]++,this.set(f,a.join(":")),!b}return!0};this.go=function(){if(this.check()){var a=document.createElement("script");a.type="text/javascript";a.src=h;document.body&&document.body.appendChild(a)}};this.start=function(){var a=this;"complete"!==document.readyState?window.addEventListener?window.addEventListener("load",function(){a.go()},
!1):window.attachEvent&&window.attachEvent("onload",function(){a.go()}):a.go()}};try{(new l(100,"r","QSI_S_ZN_3f8e6TCEOtW1Rnn","https://zn3f8e6tceotw1rnn-aholddelhaize.siteintercept.qualtrics.com/SIE/?Q_ZID\x3dZN_3f8e6TCEOtW1Rnn")).start()}catch(e){}})();</script><script type="text/javascript" src="./Browse Aisles - Meat _ Stop &amp; Shop_files/saved_resource(1)"></script><div id="ZN_3f8e6TCEOtW1Rnn"></div>

<script type="text/javascript" id="" charset="">var dtm_config={dtm_user_id:google_tag_manager["rm"]["91052981"](229),dtm_email_hash:"",dtmc_session_id:google_tag_manager["rm"]["91052981"](230),dtmc_department:google_tag_manager["rm"]["91052981"](231),dtmc_category:google_tag_manager["rm"]["91052981"](232),dtmc_sub_category:"",dtmc_product_id:"",dtmc_brand:"",dtmc_upc:"",dtmc_mpn:""};</script>
<script id="" text="" charset="" type="text/javascript" src="./Browse Aisles - Meat _ Stop &amp; Shop_files/1_0(2)"></script>
<script type="text/javascript" id="" charset="">try{ire("identify",{campaignId:10966,customerId:"",customerEmail:""},{tag:"xhr"})}catch(a){};</script>
<iframe height="0" width="0" aria-hidden="true" alt="" style="pointer-events: none; height: 0px; width: 0px; position: absolute; padding: 0px; margin: 0px; border: 0px; visibility: hidden;" src="./Browse Aisles - Meat _ Stop &amp; Shop_files/saved_resource(5).html"></iframe>
<script>_satellite["_runScript8"](function(event, target, Promise) {
!event.event&&event?.detail?.GA4&&(event.event={eventModel:event.detail});
});</script><script>_satellite["_runScript9"](function(event, target, Promise) {
!event.event&&event?.detail?.GA4&&(event.event={eventModel:event.detail});
});</script><script>_satellite["_runScript10"](function(event, target, Promise) {
!event.event&&event?.detail?.GA4&&(event.event={eventModel:event.detail});
});</script><script>_satellite["_runScript11"](function(event, target, Promise) {
!event.event&&event?.detail?.GA4&&(event.event={eventModel:event.detail});
});</script><script>_satellite["_runScript12"](function(event, target, Promise) {
!event.event&&event?.detail?.GA4&&(event.event={eventModel:event.detail});
});</script><script>_satellite["_runScript13"](function(event, target, Promise) {
!event.event&&event?.detail?.GA4&&(event.event={eventModel:event.detail});
});</script><script>_satellite["_runScript14"](function(event, target, Promise) {
!event.event&&event?.detail?.GA4&&(event.event={eventModel:event.detail});
});</script><script>_satellite["_runScript15"](function(event, target, Promise) {
!event.event&&event?.detail?.GA4&&(event.event={eventModel:event.detail});
});</script><script>_satellite["_runScript16"](function(event, target, Promise) {
!event.event&&event?.detail?.GA4&&(event.event={eventModel:event.detail});
});</script><script>_satellite["_runScript17"](function(event, target, Promise) {
!event.event&&event?.detail?.GA4&&(event.event={eventModel:event.detail});
});</script>
<script type="text/javascript" id="" charset="">window.dataLayer.push({epsilon:null});
var bannerCheck=google_tag_manager["rm"]["91052981"](300),brands={"giantfood.com":{bannerCo:"82344",magicID:"315e9c",ePath:"giantfood.com"},"www2.giantfood.com":{bannerCo:"82344",magicID:"315e9c",ePath:"giantfood.com"},"giantfoodstores.com":{bannerCo:"82345",magicID:"697cf4",ePath:"giantfoodstores.com"},"www2.giantfoodstores.com":{bannerCo:"82345",magicID:"697cf4",ePath:"giantfoodstores.com"},"martinsfoods.com":{bannerCo:"82345",magicID:"697cf4",ePath:"martinsfoods.com"},"www2.martinsfoods.com":{bannerCo:"82345",magicID:"697cf4",
ePath:"martinsfoods.com"},"stopandshop.com":{bannerCo:"82346",magicID:"e262b1",ePath:"stopandshop.com"},"www2.stopandshop.com":{bannerCo:"82346",magicID:"e262b1",ePath:"stopandshop.com"},"foodlion.com":{bannerCo:"82347",magicID:"933eb6",ePath:"foodlion.com"},"www2.foodlion.com":{bannerCo:"82347",magicID:"933eb6",ePath:"foodlion.com"}},brandData=brands[bannerCheck],bannerCo=brandData?brandData.bannerCo:void 0,magicID=brandData?brandData.magicID:void 0,ePath=brandData?brandData.ePath:void 0,bannerPath=
google_tag_manager["rm"]["91052981"](301)||"/";
if(bannerPath==="/"||bannerPath==="/home")var bannerPage="1",bannerPageName="homepage";else if(bannerPath.startsWith("/browse-aisles/categories/1/categories/")){var re=RegExp("categories/1/categories/\\d*/categories");if(re.exec(bannerPath)){bannerPage="3";bannerPageName="category";var bannerPageCat=google_tag_manager["rm"]["91052981"](303)}else{bannerPage="2";bannerPageName="department";var bannerPageDept=google_tag_manager["rm"]["91052981"](305);bannerPageCat=void 0}}else bannerPath.startsWith("/product/")?(bannerPage="5",bannerPageName=
"product detail"):(bannerPath==="/cart"?(bannerPage="6",bannerPageName="cart page"):bannerPath.startsWith("/product-search/")?(bannerPage="7",bannerPageName="search results"):google_tag_manager["rm"]["91052981"](306)=="Service Selection Modal"&&google_tag_manager["rm"]["91052981"](307)==""&&google_tag_manager["rm"]["91052981"](308)!="/cart"||bannerPath==="modal/service-type-selection-modal/pickup"||bannerPath==="modal/service-type-selection-modal/delivery"||bannerPath==="modal/service-type-selection-modal/instore"?(bannerPage="10",bannerPageName="store locator"):
bannerPath==="/past-purchases"?(bannerPage="17",bannerPageName="past purchases"):bannerPath==="/savings"?(bannerPage="18",bannerPageName="all specials"):bannerPath.startsWith("/pages/")?(bannerPage="19",bannerPageName="all splash pages"):bannerPath==="modal/service-type-selection-modal/serviceType"?(bannerPage="11",bannerPageName="shopping method"):bannerPath==="/registration/loyalty-success"?(bannerPage="941",bannerPageName="account signup"):bannerPath.startsWith("/account")?bannerPath.startsWith("/account/payment/")?
(bannerPage="21",bannerPageName="enter payment information"):(bannerPage="942",bannerPageName="account center"):(bannerPage="400",bannerPageName="catchall"),bannerPageCat=bannerPageDept=void 0);window.dataLayer=window.dataLayer||[];window.dataLayer.push({event:"epsilon-visit-tag-values",epsilon:{epsilonBanner:bannerCo,epsilonTagPath:ePath,epsilonMagicID:magicID,epsilonPage:bannerPage,epsilonPageName:bannerPageName,epsilonDept:bannerPageDept,epsilonCat:bannerPageCat}});</script>
<script type="text/javascript" id="" charset="">!function(b,e,f,g,a,c,d){b.fbq||(a=b.fbq=function(){a.callMethod?a.callMethod.apply(a,arguments):a.queue.push(arguments)},b._fbq||(b._fbq=a),a.push=a,a.loaded=!0,a.version="2.0",a.queue=[],c=e.createElement(f),c.async=!0,c.src=g,d=e.getElementsByTagName(f)[0],d.parentNode.insertBefore(c,d))}(window,document,"script","https://connect.facebook.net/en_US/fbevents.js");fbq("init","644428442669458");fbq("track","PageView");</script>

<script type="text/javascript" id="" charset="">try{fbq("track","ViewContent")}catch(a){};</script>

<script type="text/javascript" id="" charset="">(function(g,e,a,f,b,c,d){b.ire_o=a;b[a]=b[a]||function(){(b[a].a=b[a].a||[]).push(arguments)};c=f.createElement(e);d=f.getElementsByTagName(e)[0];c.async=1;c.src=g;d.parentNode.insertBefore(c,d)})("//d.impactradius-event.com/A2054612-eddf-474e-8f15-1c17aba4527a1.js","script","ire",document,window);console.log("Impact - Universal: not loggedIn");</script>

<script id="" text="" charset="" type="text/javascript" src="./Browse Aisles - Meat _ Stop &amp; Shop_files/core(1).js.download"></script><script id="" text="" charset="" type="text/javascript" src="./Browse Aisles - Meat _ Stop &amp; Shop_files/adelphic_universal_pixel.js.download"></script><script type="text/javascript" id="" charset="">fbq("track","PageView");</script>
<script type="text/javascript" id="" charset="">!function(d,g,e){d.TiktokAnalyticsObject=e;var a=d[e]=d[e]||[];a.methods="page track identify instances debug on off once ready alias group enableCookie disableCookie".split(" ");a.setAndDefer=function(b,c){b[c]=function(){b.push([c].concat(Array.prototype.slice.call(arguments,0)))}};for(d=0;d<a.methods.length;d++)a.setAndDefer(a,a.methods[d]);a.instance=function(b){b=a._i[b]||[];for(var c=0;c<a.methods.length;c++)a.setAndDefer(b,a.methods[c]);return b};a.load=function(b,c){var f="https://analytics.tiktok.com/i18n/pixel/events.js";
a._i=a._i||{};a._i[b]=[];a._i[b]._u=f;a._t=a._t||{};a._t[b]=+new Date;a._o=a._o||{};a._o[b]=c||{};c=document.createElement("script");c.type="text/javascript";c.async=!0;c.src=f+"?sdkid\x3d"+b+"\x26lib\x3d"+e;b=document.getElementsByTagName("script")[0];b.parentNode.insertBefore(c,b)};a.load("CMO2NERC77UB6TL33JN0");a.page()}(window,document,"ttq");</script>
<script id="" text="" charset="" type="text/javascript" src="./Browse Aisles - Meat _ Stop &amp; Shop_files/viant_universal_pixel.js.download"></script>
<script type="text/javascript" id="" charset="">!function(b,e,f,g,a,c,d){b.fbq||(a=b.fbq=function(){a.callMethod?a.callMethod.apply(a,arguments):a.queue.push(arguments)},b._fbq||(b._fbq=a),a.push=a,a.loaded=!0,a.version="2.0",a.queue=[],c=e.createElement(f),c.async=!0,c.src=g,d=e.getElementsByTagName(f)[0],d.parentNode.insertBefore(c,d))}(window,document,"script","https://connect.facebook.net/en_US/fbevents.js");fbq("init","1175929780108921");fbq("track","PageView");</script>
<noscript><img height="1" width="1" style="display:none" src="https://www.facebook.com/tr?id=1175929780108921&amp;ev=PageView&amp;noscript=1"></noscript>

<script type="text/javascript" id="" charset="">!function(b,e,f,g,a,c,d){b.fbq||(a=b.fbq=function(){a.callMethod?a.callMethod.apply(a,arguments):a.queue.push(arguments)},b._fbq||(b._fbq=a),a.push=a,a.loaded=!0,a.version="2.0",a.queue=[],c=e.createElement(f),c.async=!0,c.src=g,d=e.getElementsByTagName(f)[0],d.parentNode.insertBefore(c,d))}(window,document,"script","https://connect.facebook.net/en_US/fbevents.js");fbq("init","381042808319744");fbq("track","PageView");</script>
<noscript><img height="1" width="1" style="display:none" src="https://www.facebook.com/tr?id=381042808319744&amp;ev=PageView&amp;noscript=1"></noscript><iframe allow="join-ad-interest-group" data-tagging-id="AW-787499836" data-load-time="1749731215492" height="0" width="0" src="./Browse Aisles - Meat _ Stop &amp; Shop_files/787499836(3).html" style="display: none; visibility: hidden;" class="optanon-category-C0004 ot-vscat-C0004 "></iframe><iframe allow="join-ad-interest-group" data-tagging-id="AW-773932402" data-load-time="1749731215496" height="0" width="0" src="./Browse Aisles - Meat _ Stop &amp; Shop_files/773932402(3).html" style="display: none; visibility: hidden;" class="optanon-category-C0004 ot-vscat-C0004 "></iframe><iframe allow="join-ad-interest-group" data-tagging-id="AW-632822510" data-load-time="1749731215499" height="0" width="0" src="./Browse Aisles - Meat _ Stop &amp; Shop_files/632822510(3).html" style="display: none; visibility: hidden;" class="optanon-category-C0004 ot-vscat-C0004 "></iframe><iframe height="0" width="0" src="./Browse Aisles - Meat _ Stop &amp; Shop_files/activityi(12).html" style="display: none; visibility: hidden;" class="optanon-category-C0004 "></iframe><iframe allow="join-ad-interest-group" data-tagging-id="DC-10667307/ssoth0/ss_us002+unique" data-load-time="1749731215504" height="0" width="0" src="./Browse Aisles - Meat _ Stop &amp; Shop_files/activityi(13).html" style="display: none; visibility: hidden;" class="optanon-category-C0004 ot-vscat-C0004 "></iframe><iframe height="0" width="0" src="./Browse Aisles - Meat _ Stop &amp; Shop_files/activityi(14).html" style="display: none; visibility: hidden;" class="optanon-category-C0004 "></iframe><iframe allow="join-ad-interest-group" data-tagging-id="DC-10667307/sshom0/ss_us00+unique" data-load-time="1749731215508" height="0" width="0" src="./Browse Aisles - Meat _ Stop &amp; Shop_files/activityi(15).html" style="display: none; visibility: hidden;" class="optanon-category-C0004 ot-vscat-C0004 "></iframe>


<img style="display: none;" src="./Browse Aisles - Meat _ Stop &amp; Shop_files/711083(1).gif" class="optanon-category-C0004 ">





<script type="text/javascript" id="" charset="">(function(){var l=function(e,g,f,h){this.get=function(a){a+="\x3d";for(var b=document.cookie.split(";"),c=0,k=b.length;c<k;c++){for(var d=b[c];" "==d.charAt(0);)d=d.substring(1,d.length);if(0==d.indexOf(a))return d.substring(a.length,d.length)}return null};this.set=function(a,b){var c=new Date;c.setTime(c.getTime()+6048E5);c="; expires\x3d"+c.toGMTString();document.cookie=a+"\x3d"+b+c+"; path\x3d/; "};this.check=function(){var a=this.get(f);if(a)a=a.split(":");else if(100!=e)"v"==g&&(e=Math.random()>=
e/100?0:100),a=[g,e,0],this.set(f,a.join(":"));else return!0;var b=a[1];if(100==b)return!0;switch(a[0]){case "v":return!1;case "r":return b=a[2]%Math.floor(100/b),a[2]++,this.set(f,a.join(":")),!b}return!0};this.go=function(){if(this.check()){var a=document.createElement("script");a.type="text/javascript";a.src=h;document.body&&document.body.appendChild(a)}};this.start=function(){var a=this;"complete"!==document.readyState?window.addEventListener?window.addEventListener("load",function(){a.go()},
!1):window.attachEvent&&window.attachEvent("onload",function(){a.go()}):a.go()}};try{(new l(100,"r","QSI_S_ZN_3f8e6TCEOtW1Rnn","https://zn3f8e6tceotw1rnn-aholddelhaize.siteintercept.qualtrics.com/SIE/?Q_ZID\x3dZN_3f8e6TCEOtW1Rnn")).start()}catch(e){}})();</script><script type="text/javascript" src="./Browse Aisles - Meat _ Stop &amp; Shop_files/saved_resource(1)"></script><div id="ZN_3f8e6TCEOtW1Rnn"></div>

<script type="text/javascript" id="" charset="">var dtm_config={dtm_user_id:google_tag_manager["rm"]["91052981"](316),dtm_email_hash:"",dtmc_session_id:google_tag_manager["rm"]["91052981"](317),dtmc_department:google_tag_manager["rm"]["91052981"](318),dtmc_category:google_tag_manager["rm"]["91052981"](319),dtmc_sub_category:"",dtmc_product_id:"",dtmc_brand:"",dtmc_upc:"",dtmc_mpn:""};</script>
<script id="" text="" charset="" type="text/javascript" src="./Browse Aisles - Meat _ Stop &amp; Shop_files/1_0(3)"></script><iframe height="0" width="0" aria-hidden="true" alt="" style="pointer-events: none; height: 0px; width: 0px; position: absolute; padding: 0px; margin: 0px; border: 0px; visibility: hidden;" src="./Browse Aisles - Meat _ Stop &amp; Shop_files/saved_resource(6).html"></iframe>
<script type="text/javascript" id="" charset="">try{ire("identify",{campaignId:10966,customerId:"",customerEmail:""},{tag:"xhr"})}catch(a){};</script>


<script type="text/javascript" id="" charset="">fbq("track","Search");</script><iframe height="0" width="0" src="./Browse Aisles - Meat _ Stop &amp; Shop_files/activityi(16).html" style="display: none; visibility: hidden;" class="optanon-category-C0004 "></iframe><iframe allow="join-ad-interest-group" data-tagging-id="DC-10667307/ssoth0/ss_us001+standard" data-load-time="1749731216043" height="0" width="0" src="./Browse Aisles - Meat _ Stop &amp; Shop_files/activityi(17).html" style="display: none; visibility: hidden;" class="optanon-category-C0004 ot-vscat-C0004 "></iframe>
<script>_satellite["_runScript18"](function(event, target, Promise) {
!event.event&&event?.detail?.GA4&&(event.event={eventModel:event.detail});
});</script><script>_satellite["_runScript19"](function(event, target, Promise) {
!event.event&&event?.detail?.GA4&&(event.event={eventModel:event.detail});
});</script><script>_satellite["_runScript20"](function(event, target, Promise) {
!event.event&&event?.detail?.GA4&&(event.event={eventModel:event.detail});
});</script>
<script type="text/javascript" id="" charset="">window.dataLayer.push({epsilon:null});
var bannerCheck=google_tag_manager["rm"]["91052981"](371),brands={"giantfood.com":{bannerCo:"82344",magicID:"315e9c",ePath:"giantfood.com"},"www2.giantfood.com":{bannerCo:"82344",magicID:"315e9c",ePath:"giantfood.com"},"giantfoodstores.com":{bannerCo:"82345",magicID:"697cf4",ePath:"giantfoodstores.com"},"www2.giantfoodstores.com":{bannerCo:"82345",magicID:"697cf4",ePath:"giantfoodstores.com"},"martinsfoods.com":{bannerCo:"82345",magicID:"697cf4",ePath:"martinsfoods.com"},"www2.martinsfoods.com":{bannerCo:"82345",magicID:"697cf4",
ePath:"martinsfoods.com"},"stopandshop.com":{bannerCo:"82346",magicID:"e262b1",ePath:"stopandshop.com"},"www2.stopandshop.com":{bannerCo:"82346",magicID:"e262b1",ePath:"stopandshop.com"},"foodlion.com":{bannerCo:"82347",magicID:"933eb6",ePath:"foodlion.com"},"www2.foodlion.com":{bannerCo:"82347",magicID:"933eb6",ePath:"foodlion.com"}},brandData=brands[bannerCheck],bannerCo=brandData?brandData.bannerCo:void 0,magicID=brandData?brandData.magicID:void 0,ePath=brandData?brandData.ePath:void 0,bannerPath=
google_tag_manager["rm"]["91052981"](372)||"/";
if(bannerPath==="/"||bannerPath==="/home")var bannerPage="1",bannerPageName="homepage";else if(bannerPath.startsWith("/browse-aisles/categories/1/categories/")){var re=RegExp("categories/1/categories/\\d*/categories");if(re.exec(bannerPath)){bannerPage="3";bannerPageName="category";var bannerPageCat=google_tag_manager["rm"]["91052981"](374)}else{bannerPage="2";bannerPageName="department";var bannerPageDept=google_tag_manager["rm"]["91052981"](376);bannerPageCat=void 0}}else bannerPath.startsWith("/product/")?(bannerPage="5",bannerPageName=
"product detail"):(bannerPath==="/cart"?(bannerPage="6",bannerPageName="cart page"):bannerPath.startsWith("/product-search/")?(bannerPage="7",bannerPageName="search results"):google_tag_manager["rm"]["91052981"](377)=="Service Selection Modal"&&google_tag_manager["rm"]["91052981"](378)==""&&google_tag_manager["rm"]["91052981"](379)!="/cart"||bannerPath==="modal/service-type-selection-modal/pickup"||bannerPath==="modal/service-type-selection-modal/delivery"||bannerPath==="modal/service-type-selection-modal/instore"?(bannerPage="10",bannerPageName="store locator"):
bannerPath==="/past-purchases"?(bannerPage="17",bannerPageName="past purchases"):bannerPath==="/savings"?(bannerPage="18",bannerPageName="all specials"):bannerPath.startsWith("/pages/")?(bannerPage="19",bannerPageName="all splash pages"):bannerPath==="modal/service-type-selection-modal/serviceType"?(bannerPage="11",bannerPageName="shopping method"):bannerPath==="/registration/loyalty-success"?(bannerPage="941",bannerPageName="account signup"):bannerPath.startsWith("/account")?bannerPath.startsWith("/account/payment/")?
(bannerPage="21",bannerPageName="enter payment information"):(bannerPage="942",bannerPageName="account center"):(bannerPage="400",bannerPageName="catchall"),bannerPageCat=bannerPageDept=void 0);window.dataLayer=window.dataLayer||[];window.dataLayer.push({event:"epsilon-visit-tag-values",epsilon:{epsilonBanner:bannerCo,epsilonTagPath:ePath,epsilonMagicID:magicID,epsilonPage:bannerPage,epsilonPageName:bannerPageName,epsilonDept:bannerPageDept,epsilonCat:bannerPageCat}});</script>
<script type="text/javascript" id="" charset="">!function(b,e,f,g,a,c,d){b.fbq||(a=b.fbq=function(){a.callMethod?a.callMethod.apply(a,arguments):a.queue.push(arguments)},b._fbq||(b._fbq=a),a.push=a,a.loaded=!0,a.version="2.0",a.queue=[],c=e.createElement(f),c.async=!0,c.src=g,d=e.getElementsByTagName(f)[0],d.parentNode.insertBefore(c,d))}(window,document,"script","https://connect.facebook.net/en_US/fbevents.js");fbq("init","644428442669458");fbq("track","PageView");</script>

<script type="text/javascript" id="" charset="">try{fbq("track","ViewContent")}catch(a){};</script>

<script type="text/javascript" id="" charset="">(function(g,e,a,f,b,c,d){b.ire_o=a;b[a]=b[a]||function(){(b[a].a=b[a].a||[]).push(arguments)};c=f.createElement(e);d=f.getElementsByTagName(e)[0];c.async=1;c.src=g;d.parentNode.insertBefore(c,d)})("//d.impactradius-event.com/A2054612-eddf-474e-8f15-1c17aba4527a1.js","script","ire",document,window);console.log("Impact - Universal: not loggedIn");</script>

<script id="" text="" charset="" type="text/javascript" src="./Browse Aisles - Meat _ Stop &amp; Shop_files/core(1).js.download"></script><script id="" text="" charset="" type="text/javascript" src="./Browse Aisles - Meat _ Stop &amp; Shop_files/adelphic_universal_pixel.js.download"></script><script type="text/javascript" id="" charset="">fbq("track","PageView");</script>
<script type="text/javascript" id="" charset="">!function(d,g,e){d.TiktokAnalyticsObject=e;var a=d[e]=d[e]||[];a.methods="page track identify instances debug on off once ready alias group enableCookie disableCookie".split(" ");a.setAndDefer=function(b,c){b[c]=function(){b.push([c].concat(Array.prototype.slice.call(arguments,0)))}};for(d=0;d<a.methods.length;d++)a.setAndDefer(a,a.methods[d]);a.instance=function(b){b=a._i[b]||[];for(var c=0;c<a.methods.length;c++)a.setAndDefer(b,a.methods[c]);return b};a.load=function(b,c){var f="https://analytics.tiktok.com/i18n/pixel/events.js";
a._i=a._i||{};a._i[b]=[];a._i[b]._u=f;a._t=a._t||{};a._t[b]=+new Date;a._o=a._o||{};a._o[b]=c||{};c=document.createElement("script");c.type="text/javascript";c.async=!0;c.src=f+"?sdkid\x3d"+b+"\x26lib\x3d"+e;b=document.getElementsByTagName("script")[0];b.parentNode.insertBefore(c,b)};a.load("CMO2NERC77UB6TL33JN0");a.page()}(window,document,"ttq");</script>
<script id="" text="" charset="" type="text/javascript" src="./Browse Aisles - Meat _ Stop &amp; Shop_files/viant_universal_pixel.js.download"></script>
<script type="text/javascript" id="" charset="">!function(b,e,f,g,a,c,d){b.fbq||(a=b.fbq=function(){a.callMethod?a.callMethod.apply(a,arguments):a.queue.push(arguments)},b._fbq||(b._fbq=a),a.push=a,a.loaded=!0,a.version="2.0",a.queue=[],c=e.createElement(f),c.async=!0,c.src=g,d=e.getElementsByTagName(f)[0],d.parentNode.insertBefore(c,d))}(window,document,"script","https://connect.facebook.net/en_US/fbevents.js");fbq("init","1175929780108921");fbq("track","PageView");</script>
<noscript><img height="1" width="1" style="display:none" src="https://www.facebook.com/tr?id=1175929780108921&amp;ev=PageView&amp;noscript=1"></noscript>

<script type="text/javascript" id="" charset="">!function(b,e,f,g,a,c,d){b.fbq||(a=b.fbq=function(){a.callMethod?a.callMethod.apply(a,arguments):a.queue.push(arguments)},b._fbq||(b._fbq=a),a.push=a,a.loaded=!0,a.version="2.0",a.queue=[],c=e.createElement(f),c.async=!0,c.src=g,d=e.getElementsByTagName(f)[0],d.parentNode.insertBefore(c,d))}(window,document,"script","https://connect.facebook.net/en_US/fbevents.js");fbq("init","381042808319744");fbq("track","PageView");</script>
<noscript><img height="1" width="1" style="display:none" src="https://www.facebook.com/tr?id=381042808319744&amp;ev=PageView&amp;noscript=1"></noscript><iframe allow="join-ad-interest-group" data-tagging-id="AW-787499836" data-load-time="1749732385251" height="0" width="0" src="./Browse Aisles - Meat _ Stop &amp; Shop_files/787499836(4).html" style="display: none; visibility: hidden;" class="optanon-category-C0004 ot-vscat-C0004 "></iframe><iframe allow="join-ad-interest-group" data-tagging-id="AW-773932402" data-load-time="1749732385258" height="0" width="0" src="./Browse Aisles - Meat _ Stop &amp; Shop_files/773932402(4).html" style="display: none; visibility: hidden;" class="optanon-category-C0004 ot-vscat-C0004 "></iframe><iframe allow="join-ad-interest-group" data-tagging-id="AW-632822510" data-load-time="1749732385264" height="0" width="0" src="./Browse Aisles - Meat _ Stop &amp; Shop_files/632822510(4).html" style="display: none; visibility: hidden;" class="optanon-category-C0004 ot-vscat-C0004 "></iframe><iframe height="0" width="0" src="./Browse Aisles - Meat _ Stop &amp; Shop_files/activityi(18).html" style="display: none; visibility: hidden;" class="optanon-category-C0004 "></iframe><iframe allow="join-ad-interest-group" data-tagging-id="DC-10667307/ssoth0/ss_us002+unique" data-load-time="1749732385270" height="0" width="0" src="./Browse Aisles - Meat _ Stop &amp; Shop_files/activityi(19).html" style="display: none; visibility: hidden;" class="optanon-category-C0004 ot-vscat-C0004 "></iframe><iframe height="0" width="0" src="./Browse Aisles - Meat _ Stop &amp; Shop_files/activityi(20).html" style="display: none; visibility: hidden;" class="optanon-category-C0004 "></iframe><iframe allow="join-ad-interest-group" data-tagging-id="DC-10667307/sshom0/ss_us00+unique" data-load-time="1749732385273" height="0" width="0" src="./Browse Aisles - Meat _ Stop &amp; Shop_files/activityi(21).html" style="display: none; visibility: hidden;" class="optanon-category-C0004 ot-vscat-C0004 "></iframe>


<img style="display: none;" src="./Browse Aisles - Meat _ Stop &amp; Shop_files/711083(1).gif" class="optanon-category-C0004 ">





<script type="text/javascript" id="" charset="">(function(){var l=function(e,g,f,h){this.get=function(a){a+="\x3d";for(var b=document.cookie.split(";"),c=0,k=b.length;c<k;c++){for(var d=b[c];" "==d.charAt(0);)d=d.substring(1,d.length);if(0==d.indexOf(a))return d.substring(a.length,d.length)}return null};this.set=function(a,b){var c=new Date;c.setTime(c.getTime()+6048E5);c="; expires\x3d"+c.toGMTString();document.cookie=a+"\x3d"+b+c+"; path\x3d/; "};this.check=function(){var a=this.get(f);if(a)a=a.split(":");else if(100!=e)"v"==g&&(e=Math.random()>=
e/100?0:100),a=[g,e,0],this.set(f,a.join(":"));else return!0;var b=a[1];if(100==b)return!0;switch(a[0]){case "v":return!1;case "r":return b=a[2]%Math.floor(100/b),a[2]++,this.set(f,a.join(":")),!b}return!0};this.go=function(){if(this.check()){var a=document.createElement("script");a.type="text/javascript";a.src=h;document.body&&document.body.appendChild(a)}};this.start=function(){var a=this;"complete"!==document.readyState?window.addEventListener?window.addEventListener("load",function(){a.go()},
!1):window.attachEvent&&window.attachEvent("onload",function(){a.go()}):a.go()}};try{(new l(100,"r","QSI_S_ZN_3f8e6TCEOtW1Rnn","https://zn3f8e6tceotw1rnn-aholddelhaize.siteintercept.qualtrics.com/SIE/?Q_ZID\x3dZN_3f8e6TCEOtW1Rnn")).start()}catch(e){}})();</script><script type="text/javascript" src="./Browse Aisles - Meat _ Stop &amp; Shop_files/saved_resource(1)"></script><div id="ZN_3f8e6TCEOtW1Rnn"></div>

<script type="text/javascript" id="" charset="">var dtm_config={dtm_user_id:google_tag_manager["rm"]["91052981"](387),dtm_email_hash:"",dtmc_session_id:google_tag_manager["rm"]["91052981"](388),dtmc_department:google_tag_manager["rm"]["91052981"](389),dtmc_category:google_tag_manager["rm"]["91052981"](390),dtmc_sub_category:"",dtmc_product_id:"",dtmc_brand:"",dtmc_upc:"",dtmc_mpn:""};</script>
<script id="" text="" charset="" type="text/javascript" src="./Browse Aisles - Meat _ Stop &amp; Shop_files/1_0(4)"></script>
<script type="text/javascript" id="" charset="">try{ire("identify",{campaignId:10966,customerId:"",customerEmail:""},{tag:"xhr"})}catch(a){};</script>
<iframe height="0" width="0" aria-hidden="true" alt="" style="pointer-events: none; height: 0px; width: 0px; position: absolute; padding: 0px; margin: 0px; border: 0px; visibility: hidden;" src="./Browse Aisles - Meat _ Stop &amp; Shop_files/saved_resource(7).html"></iframe>
<script>_satellite["_runScript21"](function(event, target, Promise) {
!event.event&&event?.detail?.GA4&&(event.event={eventModel:event.detail});
});</script><script>_satellite["_runScript22"](function(event, target, Promise) {
!event.event&&event?.detail?.GA4&&(event.event={eventModel:event.detail});
});</script><script>_satellite["_runScript23"](function(event, target, Promise) {
!event.event&&event?.detail?.GA4&&(event.event={eventModel:event.detail});
});</script><script>_satellite["_runScript24"](function(event, target, Promise) {
!event.event&&event?.detail?.GA4&&(event.event={eventModel:event.detail});
});</script><script>_satellite["_runScript25"](function(event, target, Promise) {
!event.event&&event?.detail?.GA4&&(event.event={eventModel:event.detail});
});</script><script>_satellite["_runScript26"](function(event, target, Promise) {
!event.event&&event?.detail?.GA4&&(event.event={eventModel:event.detail});
});</script><script>_satellite["_runScript27"](function(event, target, Promise) {
!event.event&&event?.detail?.GA4&&(event.event={eventModel:event.detail});
});</script><script>_satellite["_runScript28"](function(event, target, Promise) {
!event.event&&event?.detail?.GA4&&(event.event={eventModel:event.detail});
});</script><script>_satellite["_runScript29"](function(event, target, Promise) {
!event.event&&event?.detail?.GA4&&(event.event={eventModel:event.detail});
});</script><script>_satellite["_runScript30"](function(event, target, Promise) {
!event.event&&event?.detail?.GA4&&(event.event={eventModel:event.detail});
});</script><script>_satellite["_runScript31"](function(event, target, Promise) {
!event.event&&event?.detail?.GA4&&(event.event={eventModel:event.detail});
});</script>
<script type="text/javascript" id="" charset="">window.dataLayer.push({epsilon:null});
var bannerCheck=google_tag_manager["rm"]["91052981"](466),brands={"giantfood.com":{bannerCo:"82344",magicID:"315e9c",ePath:"giantfood.com"},"www2.giantfood.com":{bannerCo:"82344",magicID:"315e9c",ePath:"giantfood.com"},"giantfoodstores.com":{bannerCo:"82345",magicID:"697cf4",ePath:"giantfoodstores.com"},"www2.giantfoodstores.com":{bannerCo:"82345",magicID:"697cf4",ePath:"giantfoodstores.com"},"martinsfoods.com":{bannerCo:"82345",magicID:"697cf4",ePath:"martinsfoods.com"},"www2.martinsfoods.com":{bannerCo:"82345",magicID:"697cf4",
ePath:"martinsfoods.com"},"stopandshop.com":{bannerCo:"82346",magicID:"e262b1",ePath:"stopandshop.com"},"www2.stopandshop.com":{bannerCo:"82346",magicID:"e262b1",ePath:"stopandshop.com"},"foodlion.com":{bannerCo:"82347",magicID:"933eb6",ePath:"foodlion.com"},"www2.foodlion.com":{bannerCo:"82347",magicID:"933eb6",ePath:"foodlion.com"}},brandData=brands[bannerCheck],bannerCo=brandData?brandData.bannerCo:void 0,magicID=brandData?brandData.magicID:void 0,ePath=brandData?brandData.ePath:void 0,bannerPath=
google_tag_manager["rm"]["91052981"](467)||"/";
if(bannerPath==="/"||bannerPath==="/home")var bannerPage="1",bannerPageName="homepage";else if(bannerPath.startsWith("/browse-aisles/categories/1/categories/")){var re=RegExp("categories/1/categories/\\d*/categories");if(re.exec(bannerPath)){bannerPage="3";bannerPageName="category";var bannerPageCat=google_tag_manager["rm"]["91052981"](469)}else{bannerPage="2";bannerPageName="department";var bannerPageDept=google_tag_manager["rm"]["91052981"](471);bannerPageCat=void 0}}else bannerPath.startsWith("/product/")?(bannerPage="5",bannerPageName=
"product detail"):(bannerPath==="/cart"?(bannerPage="6",bannerPageName="cart page"):bannerPath.startsWith("/product-search/")?(bannerPage="7",bannerPageName="search results"):google_tag_manager["rm"]["91052981"](472)=="Service Selection Modal"&&google_tag_manager["rm"]["91052981"](473)==""&&google_tag_manager["rm"]["91052981"](474)!="/cart"||bannerPath==="modal/service-type-selection-modal/pickup"||bannerPath==="modal/service-type-selection-modal/delivery"||bannerPath==="modal/service-type-selection-modal/instore"?(bannerPage="10",bannerPageName="store locator"):
bannerPath==="/past-purchases"?(bannerPage="17",bannerPageName="past purchases"):bannerPath==="/savings"?(bannerPage="18",bannerPageName="all specials"):bannerPath.startsWith("/pages/")?(bannerPage="19",bannerPageName="all splash pages"):bannerPath==="modal/service-type-selection-modal/serviceType"?(bannerPage="11",bannerPageName="shopping method"):bannerPath==="/registration/loyalty-success"?(bannerPage="941",bannerPageName="account signup"):bannerPath.startsWith("/account")?bannerPath.startsWith("/account/payment/")?
(bannerPage="21",bannerPageName="enter payment information"):(bannerPage="942",bannerPageName="account center"):(bannerPage="400",bannerPageName="catchall"),bannerPageCat=bannerPageDept=void 0);window.dataLayer=window.dataLayer||[];window.dataLayer.push({event:"epsilon-visit-tag-values",epsilon:{epsilonBanner:bannerCo,epsilonTagPath:ePath,epsilonMagicID:magicID,epsilonPage:bannerPage,epsilonPageName:bannerPageName,epsilonDept:bannerPageDept,epsilonCat:bannerPageCat}});</script>
<script type="text/javascript" id="" charset="">!function(b,e,f,g,a,c,d){b.fbq||(a=b.fbq=function(){a.callMethod?a.callMethod.apply(a,arguments):a.queue.push(arguments)},b._fbq||(b._fbq=a),a.push=a,a.loaded=!0,a.version="2.0",a.queue=[],c=e.createElement(f),c.async=!0,c.src=g,d=e.getElementsByTagName(f)[0],d.parentNode.insertBefore(c,d))}(window,document,"script","https://connect.facebook.net/en_US/fbevents.js");fbq("init","644428442669458");fbq("track","PageView");</script>

<script type="text/javascript" id="" charset="">try{fbq("track","ViewContent")}catch(a){};</script>

<script type="text/javascript" id="" charset="">(function(g,e,a,f,b,c,d){b.ire_o=a;b[a]=b[a]||function(){(b[a].a=b[a].a||[]).push(arguments)};c=f.createElement(e);d=f.getElementsByTagName(e)[0];c.async=1;c.src=g;d.parentNode.insertBefore(c,d)})("//d.impactradius-event.com/A2054612-eddf-474e-8f15-1c17aba4527a1.js","script","ire",document,window);console.log("Impact - Universal: not loggedIn");</script>

<script id="" text="" charset="" type="text/javascript" src="./Browse Aisles - Meat _ Stop &amp; Shop_files/core(1).js.download"></script><script id="" text="" charset="" type="text/javascript" src="./Browse Aisles - Meat _ Stop &amp; Shop_files/adelphic_universal_pixel.js.download"></script><script type="text/javascript" id="" charset="">fbq("track","PageView");</script>
<script type="text/javascript" id="" charset="">!function(d,g,e){d.TiktokAnalyticsObject=e;var a=d[e]=d[e]||[];a.methods="page track identify instances debug on off once ready alias group enableCookie disableCookie".split(" ");a.setAndDefer=function(b,c){b[c]=function(){b.push([c].concat(Array.prototype.slice.call(arguments,0)))}};for(d=0;d<a.methods.length;d++)a.setAndDefer(a,a.methods[d]);a.instance=function(b){b=a._i[b]||[];for(var c=0;c<a.methods.length;c++)a.setAndDefer(b,a.methods[c]);return b};a.load=function(b,c){var f="https://analytics.tiktok.com/i18n/pixel/events.js";
a._i=a._i||{};a._i[b]=[];a._i[b]._u=f;a._t=a._t||{};a._t[b]=+new Date;a._o=a._o||{};a._o[b]=c||{};c=document.createElement("script");c.type="text/javascript";c.async=!0;c.src=f+"?sdkid\x3d"+b+"\x26lib\x3d"+e;b=document.getElementsByTagName("script")[0];b.parentNode.insertBefore(c,b)};a.load("CMO2NERC77UB6TL33JN0");a.page()}(window,document,"ttq");</script>
<script id="" text="" charset="" type="text/javascript" src="./Browse Aisles - Meat _ Stop &amp; Shop_files/viant_universal_pixel.js.download"></script>
<script type="text/javascript" id="" charset="">!function(b,e,f,g,a,c,d){b.fbq||(a=b.fbq=function(){a.callMethod?a.callMethod.apply(a,arguments):a.queue.push(arguments)},b._fbq||(b._fbq=a),a.push=a,a.loaded=!0,a.version="2.0",a.queue=[],c=e.createElement(f),c.async=!0,c.src=g,d=e.getElementsByTagName(f)[0],d.parentNode.insertBefore(c,d))}(window,document,"script","https://connect.facebook.net/en_US/fbevents.js");fbq("init","1175929780108921");fbq("track","PageView");</script>
<noscript><img height="1" width="1" style="display:none" src="https://www.facebook.com/tr?id=1175929780108921&amp;ev=PageView&amp;noscript=1"></noscript>

<script type="text/javascript" id="" charset="">!function(b,e,f,g,a,c,d){b.fbq||(a=b.fbq=function(){a.callMethod?a.callMethod.apply(a,arguments):a.queue.push(arguments)},b._fbq||(b._fbq=a),a.push=a,a.loaded=!0,a.version="2.0",a.queue=[],c=e.createElement(f),c.async=!0,c.src=g,d=e.getElementsByTagName(f)[0],d.parentNode.insertBefore(c,d))}(window,document,"script","https://connect.facebook.net/en_US/fbevents.js");fbq("init","381042808319744");fbq("track","PageView");</script>
<noscript><img height="1" width="1" style="display:none" src="https://www.facebook.com/tr?id=381042808319744&amp;ev=PageView&amp;noscript=1"></noscript><iframe allow="join-ad-interest-group" data-tagging-id="AW-787499836" data-load-time="1749732388047" height="0" width="0" src="./Browse Aisles - Meat _ Stop &amp; Shop_files/787499836(5).html" style="display: none; visibility: hidden;" class="optanon-category-C0004 ot-vscat-C0004 "></iframe><iframe allow="join-ad-interest-group" data-tagging-id="AW-773932402" data-load-time="1749732388051" height="0" width="0" src="./Browse Aisles - Meat _ Stop &amp; Shop_files/773932402(5).html" style="display: none; visibility: hidden;" class="optanon-category-C0004 ot-vscat-C0004 "></iframe><iframe allow="join-ad-interest-group" data-tagging-id="AW-632822510" data-load-time="1749732388054" height="0" width="0" src="./Browse Aisles - Meat _ Stop &amp; Shop_files/632822510(5).html" style="display: none; visibility: hidden;" class="optanon-category-C0004 ot-vscat-C0004 "></iframe><iframe height="0" width="0" src="./Browse Aisles - Meat _ Stop &amp; Shop_files/activityi(22).html" style="display: none; visibility: hidden;" class="optanon-category-C0004 "></iframe><iframe allow="join-ad-interest-group" data-tagging-id="DC-10667307/ssoth0/ss_us002+unique" data-load-time="1749732388059" height="0" width="0" src="./Browse Aisles - Meat _ Stop &amp; Shop_files/activityi(23).html" style="display: none; visibility: hidden;" class="optanon-category-C0004 ot-vscat-C0004 "></iframe><iframe height="0" width="0" src="./Browse Aisles - Meat _ Stop &amp; Shop_files/activityi(24).html" style="display: none; visibility: hidden;" class="optanon-category-C0004 "></iframe><iframe allow="join-ad-interest-group" data-tagging-id="DC-10667307/sshom0/ss_us00+unique" data-load-time="1749732388063" height="0" width="0" src="./Browse Aisles - Meat _ Stop &amp; Shop_files/activityi(25).html" style="display: none; visibility: hidden;" class="optanon-category-C0004 ot-vscat-C0004 "></iframe>


<img style="display: none;" src="./Browse Aisles - Meat _ Stop &amp; Shop_files/711083(1).gif" class="optanon-category-C0004 ">





<script type="text/javascript" id="" charset="">(function(){var l=function(e,g,f,h){this.get=function(a){a+="\x3d";for(var b=document.cookie.split(";"),c=0,k=b.length;c<k;c++){for(var d=b[c];" "==d.charAt(0);)d=d.substring(1,d.length);if(0==d.indexOf(a))return d.substring(a.length,d.length)}return null};this.set=function(a,b){var c=new Date;c.setTime(c.getTime()+6048E5);c="; expires\x3d"+c.toGMTString();document.cookie=a+"\x3d"+b+c+"; path\x3d/; "};this.check=function(){var a=this.get(f);if(a)a=a.split(":");else if(100!=e)"v"==g&&(e=Math.random()>=
e/100?0:100),a=[g,e,0],this.set(f,a.join(":"));else return!0;var b=a[1];if(100==b)return!0;switch(a[0]){case "v":return!1;case "r":return b=a[2]%Math.floor(100/b),a[2]++,this.set(f,a.join(":")),!b}return!0};this.go=function(){if(this.check()){var a=document.createElement("script");a.type="text/javascript";a.src=h;document.body&&document.body.appendChild(a)}};this.start=function(){var a=this;"complete"!==document.readyState?window.addEventListener?window.addEventListener("load",function(){a.go()},
!1):window.attachEvent&&window.attachEvent("onload",function(){a.go()}):a.go()}};try{(new l(100,"r","QSI_S_ZN_3f8e6TCEOtW1Rnn","https://zn3f8e6tceotw1rnn-aholddelhaize.siteintercept.qualtrics.com/SIE/?Q_ZID\x3dZN_3f8e6TCEOtW1Rnn")).start()}catch(e){}})();</script><script type="text/javascript" src="./Browse Aisles - Meat _ Stop &amp; Shop_files/saved_resource(1)"></script><div id="ZN_3f8e6TCEOtW1Rnn"></div>

<script type="text/javascript" id="" charset="">var dtm_config={dtm_user_id:google_tag_manager["rm"]["91052981"](482),dtm_email_hash:"",dtmc_session_id:google_tag_manager["rm"]["91052981"](483),dtmc_department:google_tag_manager["rm"]["91052981"](484),dtmc_category:google_tag_manager["rm"]["91052981"](485),dtmc_sub_category:"",dtmc_product_id:"",dtmc_brand:"",dtmc_upc:"",dtmc_mpn:""};</script>
<script id="" text="" charset="" type="text/javascript" src="./Browse Aisles - Meat _ Stop &amp; Shop_files/1_0(5)"></script><iframe height="0" width="0" aria-hidden="true" alt="" style="pointer-events: none; height: 0px; width: 0px; position: absolute; padding: 0px; margin: 0px; border: 0px; visibility: hidden;" src="./Browse Aisles - Meat _ Stop &amp; Shop_files/saved_resource(8).html"></iframe>
<script type="text/javascript" id="" charset="">try{ire("identify",{campaignId:10966,customerId:"",customerEmail:""},{tag:"xhr"})}catch(a){};</script>

<script>_satellite["_runScript32"](function(event, target, Promise) {
!event.event&&event?.detail?.GA4&&(event.event={eventModel:event.detail});
});</script><script>_satellite["_runScript33"](function(event, target, Promise) {
!event.event&&event?.detail?.GA4&&(event.event={eventModel:event.detail});
});</script><script>_satellite["_runScript34"](function(event, target, Promise) {
!event.event&&event?.detail?.GA4&&(event.event={eventModel:event.detail});
});</script><script>_satellite["_runScript35"](function(event, target, Promise) {
!event.event&&event?.detail?.GA4&&(event.event={eventModel:event.detail});
});</script><script>_satellite["_runScript36"](function(event, target, Promise) {
!event.event&&event?.detail?.GA4&&(event.event={eventModel:event.detail});
});</script><script>_satellite["_runScript37"](function(event, target, Promise) {
!event.event&&event?.detail?.GA4&&(event.event={eventModel:event.detail});
});</script><script>_satellite["_runScript38"](function(event, target, Promise) {
!event.event&&event?.detail?.GA4&&(event.event={eventModel:event.detail});
});</script><script>_satellite["_runScript39"](function(event, target, Promise) {
!event.event&&event?.detail?.GA4&&(event.event={eventModel:event.detail});
});</script><script>_satellite["_runScript40"](function(event, target, Promise) {
!event.event&&event?.detail?.GA4&&(event.event={eventModel:event.detail});
});</script><script>_satellite["_runScript41"](function(event, target, Promise) {
!event.event&&event?.detail?.GA4&&(event.event={eventModel:event.detail});
});</script><script>_satellite["_runScript42"](function(event, target, Promise) {
!event.event&&event?.detail?.GA4&&(event.event={eventModel:event.detail});
});</script><script>_satellite["_runScript43"](function(event, target, Promise) {
!event.event&&event?.detail?.GA4&&(event.event={eventModel:event.detail});
});</script><script>_satellite["_runScript44"](function(event, target, Promise) {
!event.event&&event?.detail?.GA4&&(event.event={eventModel:event.detail});
});</script><script>_satellite["_runScript45"](function(event, target, Promise) {
!event.event&&event?.detail?.GA4&&(event.event={eventModel:event.detail});
});</script><script>_satellite["_runScript46"](function(event, target, Promise) {
!event.event&&event?.detail?.GA4&&(event.event={eventModel:event.detail});
});</script><script>_satellite["_runScript47"](function(event, target, Promise) {
!event.event&&event?.detail?.GA4&&(event.event={eventModel:event.detail});
});</script><script>_satellite["_runScript48"](function(event, target, Promise) {
!event.event&&event?.detail?.GA4&&(event.event={eventModel:event.detail});
});</script><script>_satellite["_runScript49"](function(event, target, Promise) {
!event.event&&event?.detail?.GA4&&(event.event={eventModel:event.detail});
});</script><script>_satellite["_runScript50"](function(event, target, Promise) {
!event.event&&event?.detail?.GA4&&(event.event={eventModel:event.detail});
});</script><script>_satellite["_runScript51"](function(event, target, Promise) {
!event.event&&event?.detail?.GA4&&(event.event={eventModel:event.detail});
});</script><script>_satellite["_runScript52"](function(event, target, Promise) {
!event.event&&event?.detail?.GA4&&(event.event={eventModel:event.detail});
});</script><script>_satellite["_runScript53"](function(event, target, Promise) {
!event.event&&event?.detail?.GA4&&(event.event={eventModel:event.detail});
});</script><script>_satellite["_runScript54"](function(event, target, Promise) {
!event.event&&event?.detail?.GA4&&(event.event={eventModel:event.detail});
});</script><script>_satellite["_runScript55"](function(event, target, Promise) {
!event.event&&event?.detail?.GA4&&(event.event={eventModel:event.detail});
});</script><script>_satellite["_runScript56"](function(event, target, Promise) {
!event.event&&event?.detail?.GA4&&(event.event={eventModel:event.detail});
});</script><script>_satellite["_runScript57"](function(event, target, Promise) {
!event.event&&event?.detail?.GA4&&(event.event={eventModel:event.detail});
});</script><script>_satellite["_runScript58"](function(event, target, Promise) {
!event.event&&event?.detail?.GA4&&(event.event={eventModel:event.detail});
});</script><script>_satellite["_runScript59"](function(event, target, Promise) {
!event.event&&event?.detail?.GA4&&(event.event={eventModel:event.detail});
});</script><script>_satellite["_runScript60"](function(event, target, Promise) {
!event.event&&event?.detail?.GA4&&(event.event={eventModel:event.detail});
});</script><script>_satellite["_runScript61"](function(event, target, Promise) {
!event.event&&event?.detail?.GA4&&(event.event={eventModel:event.detail});
});</script><script>_satellite["_runScript62"](function(event, target, Promise) {
!event.event&&event?.detail?.GA4&&(event.event={eventModel:event.detail});
});</script>
<script type="text/javascript" id="" charset="">window.dataLayer.push({epsilon:null});
var bannerCheck=google_tag_manager["rm"]["91052981"](631),brands={"giantfood.com":{bannerCo:"82344",magicID:"315e9c",ePath:"giantfood.com"},"www2.giantfood.com":{bannerCo:"82344",magicID:"315e9c",ePath:"giantfood.com"},"giantfoodstores.com":{bannerCo:"82345",magicID:"697cf4",ePath:"giantfoodstores.com"},"www2.giantfoodstores.com":{bannerCo:"82345",magicID:"697cf4",ePath:"giantfoodstores.com"},"martinsfoods.com":{bannerCo:"82345",magicID:"697cf4",ePath:"martinsfoods.com"},"www2.martinsfoods.com":{bannerCo:"82345",magicID:"697cf4",
ePath:"martinsfoods.com"},"stopandshop.com":{bannerCo:"82346",magicID:"e262b1",ePath:"stopandshop.com"},"www2.stopandshop.com":{bannerCo:"82346",magicID:"e262b1",ePath:"stopandshop.com"},"foodlion.com":{bannerCo:"82347",magicID:"933eb6",ePath:"foodlion.com"},"www2.foodlion.com":{bannerCo:"82347",magicID:"933eb6",ePath:"foodlion.com"}},brandData=brands[bannerCheck],bannerCo=brandData?brandData.bannerCo:void 0,magicID=brandData?brandData.magicID:void 0,ePath=brandData?brandData.ePath:void 0,bannerPath=
google_tag_manager["rm"]["91052981"](632)||"/";
if(bannerPath==="/"||bannerPath==="/home")var bannerPage="1",bannerPageName="homepage";else if(bannerPath.startsWith("/browse-aisles/categories/1/categories/")){var re=RegExp("categories/1/categories/\\d*/categories");if(re.exec(bannerPath)){bannerPage="3";bannerPageName="category";var bannerPageCat=google_tag_manager["rm"]["91052981"](634)}else{bannerPage="2";bannerPageName="department";var bannerPageDept=google_tag_manager["rm"]["91052981"](636);bannerPageCat=void 0}}else bannerPath.startsWith("/product/")?(bannerPage="5",bannerPageName=
"product detail"):(bannerPath==="/cart"?(bannerPage="6",bannerPageName="cart page"):bannerPath.startsWith("/product-search/")?(bannerPage="7",bannerPageName="search results"):google_tag_manager["rm"]["91052981"](637)=="Service Selection Modal"&&google_tag_manager["rm"]["91052981"](638)==""&&google_tag_manager["rm"]["91052981"](639)!="/cart"||bannerPath==="modal/service-type-selection-modal/pickup"||bannerPath==="modal/service-type-selection-modal/delivery"||bannerPath==="modal/service-type-selection-modal/instore"?(bannerPage="10",bannerPageName="store locator"):
bannerPath==="/past-purchases"?(bannerPage="17",bannerPageName="past purchases"):bannerPath==="/savings"?(bannerPage="18",bannerPageName="all specials"):bannerPath.startsWith("/pages/")?(bannerPage="19",bannerPageName="all splash pages"):bannerPath==="modal/service-type-selection-modal/serviceType"?(bannerPage="11",bannerPageName="shopping method"):bannerPath==="/registration/loyalty-success"?(bannerPage="941",bannerPageName="account signup"):bannerPath.startsWith("/account")?bannerPath.startsWith("/account/payment/")?
(bannerPage="21",bannerPageName="enter payment information"):(bannerPage="942",bannerPageName="account center"):(bannerPage="400",bannerPageName="catchall"),bannerPageCat=bannerPageDept=void 0);window.dataLayer=window.dataLayer||[];window.dataLayer.push({event:"epsilon-visit-tag-values",epsilon:{epsilonBanner:bannerCo,epsilonTagPath:ePath,epsilonMagicID:magicID,epsilonPage:bannerPage,epsilonPageName:bannerPageName,epsilonDept:bannerPageDept,epsilonCat:bannerPageCat}});</script>
<script type="text/javascript" id="" charset="">!function(b,e,f,g,a,c,d){b.fbq||(a=b.fbq=function(){a.callMethod?a.callMethod.apply(a,arguments):a.queue.push(arguments)},b._fbq||(b._fbq=a),a.push=a,a.loaded=!0,a.version="2.0",a.queue=[],c=e.createElement(f),c.async=!0,c.src=g,d=e.getElementsByTagName(f)[0],d.parentNode.insertBefore(c,d))}(window,document,"script","https://connect.facebook.net/en_US/fbevents.js");fbq("init","644428442669458");fbq("track","PageView");</script>

<script type="text/javascript" id="" charset="">try{fbq("track","ViewContent")}catch(a){};</script>

<script type="text/javascript" id="" charset="">(function(g,e,a,f,b,c,d){b.ire_o=a;b[a]=b[a]||function(){(b[a].a=b[a].a||[]).push(arguments)};c=f.createElement(e);d=f.getElementsByTagName(e)[0];c.async=1;c.src=g;d.parentNode.insertBefore(c,d)})("//d.impactradius-event.com/A2054612-eddf-474e-8f15-1c17aba4527a1.js","script","ire",document,window);console.log("Impact - Universal: not loggedIn");</script>

<script id="" text="" charset="" type="text/javascript" src="./Browse Aisles - Meat _ Stop &amp; Shop_files/core(1).js.download"></script><script id="" text="" charset="" type="text/javascript" src="./Browse Aisles - Meat _ Stop &amp; Shop_files/adelphic_universal_pixel.js.download"></script><script type="text/javascript" id="" charset="">fbq("track","PageView");</script>
<script type="text/javascript" id="" charset="">!function(d,g,e){d.TiktokAnalyticsObject=e;var a=d[e]=d[e]||[];a.methods="page track identify instances debug on off once ready alias group enableCookie disableCookie".split(" ");a.setAndDefer=function(b,c){b[c]=function(){b.push([c].concat(Array.prototype.slice.call(arguments,0)))}};for(d=0;d<a.methods.length;d++)a.setAndDefer(a,a.methods[d]);a.instance=function(b){b=a._i[b]||[];for(var c=0;c<a.methods.length;c++)a.setAndDefer(b,a.methods[c]);return b};a.load=function(b,c){var f="https://analytics.tiktok.com/i18n/pixel/events.js";
a._i=a._i||{};a._i[b]=[];a._i[b]._u=f;a._t=a._t||{};a._t[b]=+new Date;a._o=a._o||{};a._o[b]=c||{};c=document.createElement("script");c.type="text/javascript";c.async=!0;c.src=f+"?sdkid\x3d"+b+"\x26lib\x3d"+e;b=document.getElementsByTagName("script")[0];b.parentNode.insertBefore(c,b)};a.load("CMO2NERC77UB6TL33JN0");a.page()}(window,document,"ttq");</script>
<script id="" text="" charset="" type="text/javascript" src="./Browse Aisles - Meat _ Stop &amp; Shop_files/viant_universal_pixel.js.download"></script>
<script type="text/javascript" id="" charset="">!function(b,e,f,g,a,c,d){b.fbq||(a=b.fbq=function(){a.callMethod?a.callMethod.apply(a,arguments):a.queue.push(arguments)},b._fbq||(b._fbq=a),a.push=a,a.loaded=!0,a.version="2.0",a.queue=[],c=e.createElement(f),c.async=!0,c.src=g,d=e.getElementsByTagName(f)[0],d.parentNode.insertBefore(c,d))}(window,document,"script","https://connect.facebook.net/en_US/fbevents.js");fbq("init","1175929780108921");fbq("track","PageView");</script>
<noscript><img height="1" width="1" style="display:none" src="https://www.facebook.com/tr?id=1175929780108921&amp;ev=PageView&amp;noscript=1"></noscript>

<script type="text/javascript" id="" charset="">!function(b,e,f,g,a,c,d){b.fbq||(a=b.fbq=function(){a.callMethod?a.callMethod.apply(a,arguments):a.queue.push(arguments)},b._fbq||(b._fbq=a),a.push=a,a.loaded=!0,a.version="2.0",a.queue=[],c=e.createElement(f),c.async=!0,c.src=g,d=e.getElementsByTagName(f)[0],d.parentNode.insertBefore(c,d))}(window,document,"script","https://connect.facebook.net/en_US/fbevents.js");fbq("init","381042808319744");fbq("track","PageView");</script>
<noscript><img height="1" width="1" style="display:none" src="https://www.facebook.com/tr?id=381042808319744&amp;ev=PageView&amp;noscript=1"></noscript><iframe allow="join-ad-interest-group" data-tagging-id="AW-787499836" data-load-time="1749732701123" height="0" width="0" src="./Browse Aisles - Meat _ Stop &amp; Shop_files/787499836(6).html" style="display: none; visibility: hidden;" class="optanon-category-C0004 ot-vscat-C0004 "></iframe><iframe allow="join-ad-interest-group" data-tagging-id="AW-773932402" data-load-time="1749732701131" height="0" width="0" src="./Browse Aisles - Meat _ Stop &amp; Shop_files/773932402(6).html" style="display: none; visibility: hidden;" class="optanon-category-C0004 ot-vscat-C0004 "></iframe><iframe allow="join-ad-interest-group" data-tagging-id="AW-632822510" data-load-time="1749732701140" height="0" width="0" src="./Browse Aisles - Meat _ Stop &amp; Shop_files/632822510(6).html" style="display: none; visibility: hidden;" class="optanon-category-C0004 ot-vscat-C0004 "></iframe><iframe height="0" width="0" src="./Browse Aisles - Meat _ Stop &amp; Shop_files/activityi(26).html" style="display: none; visibility: hidden;" class="optanon-category-C0004 "></iframe><iframe allow="join-ad-interest-group" data-tagging-id="DC-10667307/ssoth0/ss_us002+unique" data-load-time="1749732701149" height="0" width="0" src="./Browse Aisles - Meat _ Stop &amp; Shop_files/activityi(27).html" style="display: none; visibility: hidden;" class="optanon-category-C0004 ot-vscat-C0004 "></iframe><iframe height="0" width="0" src="./Browse Aisles - Meat _ Stop &amp; Shop_files/activityi(28).html" style="display: none; visibility: hidden;" class="optanon-category-C0004 "></iframe><iframe allow="join-ad-interest-group" data-tagging-id="DC-10667307/sshom0/ss_us00+unique" data-load-time="1749732701154" height="0" width="0" src="./Browse Aisles - Meat _ Stop &amp; Shop_files/activityi(29).html" style="display: none; visibility: hidden;" class="optanon-category-C0004 ot-vscat-C0004 "></iframe>


<img style="display: none;" src="./Browse Aisles - Meat _ Stop &amp; Shop_files/711083(1).gif" class="optanon-category-C0004 ">





<script type="text/javascript" id="" charset="">(function(){var l=function(e,g,f,h){this.get=function(a){a+="\x3d";for(var b=document.cookie.split(";"),c=0,k=b.length;c<k;c++){for(var d=b[c];" "==d.charAt(0);)d=d.substring(1,d.length);if(0==d.indexOf(a))return d.substring(a.length,d.length)}return null};this.set=function(a,b){var c=new Date;c.setTime(c.getTime()+6048E5);c="; expires\x3d"+c.toGMTString();document.cookie=a+"\x3d"+b+c+"; path\x3d/; "};this.check=function(){var a=this.get(f);if(a)a=a.split(":");else if(100!=e)"v"==g&&(e=Math.random()>=
e/100?0:100),a=[g,e,0],this.set(f,a.join(":"));else return!0;var b=a[1];if(100==b)return!0;switch(a[0]){case "v":return!1;case "r":return b=a[2]%Math.floor(100/b),a[2]++,this.set(f,a.join(":")),!b}return!0};this.go=function(){if(this.check()){var a=document.createElement("script");a.type="text/javascript";a.src=h;document.body&&document.body.appendChild(a)}};this.start=function(){var a=this;"complete"!==document.readyState?window.addEventListener?window.addEventListener("load",function(){a.go()},
!1):window.attachEvent&&window.attachEvent("onload",function(){a.go()}):a.go()}};try{(new l(100,"r","QSI_S_ZN_3f8e6TCEOtW1Rnn","https://zn3f8e6tceotw1rnn-aholddelhaize.siteintercept.qualtrics.com/SIE/?Q_ZID\x3dZN_3f8e6TCEOtW1Rnn")).start()}catch(e){}})();</script><script type="text/javascript" src="./Browse Aisles - Meat _ Stop &amp; Shop_files/saved_resource(1)"></script><div id="ZN_3f8e6TCEOtW1Rnn"></div>

<script type="text/javascript" id="" charset="">var dtm_config={dtm_user_id:google_tag_manager["rm"]["91052981"](647),dtm_email_hash:"",dtmc_session_id:google_tag_manager["rm"]["91052981"](648),dtmc_department:google_tag_manager["rm"]["91052981"](649),dtmc_category:google_tag_manager["rm"]["91052981"](650),dtmc_sub_category:"",dtmc_product_id:"",dtmc_brand:"",dtmc_upc:"",dtmc_mpn:""};</script>
<script id="" text="" charset="" type="text/javascript" src="./Browse Aisles - Meat _ Stop &amp; Shop_files/1_0(6)"></script>
<script type="text/javascript" id="" charset="">try{ire("identify",{campaignId:10966,customerId:"",customerEmail:""},{tag:"xhr"})}catch(a){};</script>
<iframe height="0" width="0" aria-hidden="true" alt="" style="pointer-events: none; height: 0px; width: 0px; position: absolute; padding: 0px; margin: 0px; border: 0px; visibility: hidden;" src="./Browse Aisles - Meat _ Stop &amp; Shop_files/saved_resource(9).html"></iframe>
<script>_satellite["_runScript63"](function(event, target, Promise) {
!event.event&&event?.detail?.GA4&&(event.event={eventModel:event.detail});
});</script><script>_satellite["_runScript64"](function(event, target, Promise) {
!event.event&&event?.detail?.GA4&&(event.event={eventModel:event.detail});
});</script><script>_satellite["_runScript65"](function(event, target, Promise) {
!event.event&&event?.detail?.GA4&&(event.event={eventModel:event.detail});
});</script><script>_satellite["_runScript66"](function(event, target, Promise) {
!event.event&&event?.detail?.GA4&&(event.event={eventModel:event.detail});
});</script><script>_satellite["_runScript67"](function(event, target, Promise) {
!event.event&&event?.detail?.GA4&&(event.event={eventModel:event.detail});
});</script><script>_satellite["_runScript68"](function(event, target, Promise) {
!event.event&&event?.detail?.GA4&&(event.event={eventModel:event.detail});
});</script><script>_satellite["_runScript69"](function(event, target, Promise) {
!event.event&&event?.detail?.GA4&&(event.event={eventModel:event.detail});
});</script><script>_satellite["_runScript70"](function(event, target, Promise) {
!event.event&&event?.detail?.GA4&&(event.event={eventModel:event.detail});
});</script><script>_satellite["_runScript71"](function(event, target, Promise) {
!event.event&&event?.detail?.GA4&&(event.event={eventModel:event.detail});
});</script><script>_satellite["_runScript72"](function(event, target, Promise) {
!event.event&&event?.detail?.GA4&&(event.event={eventModel:event.detail});
});</script><script>_satellite["_runScript73"](function(event, target, Promise) {
!event.event&&event?.detail?.GA4&&(event.event={eventModel:event.detail});
});</script><script>_satellite["_runScript74"](function(event, target, Promise) {
!event.event&&event?.detail?.GA4&&(event.event={eventModel:event.detail});
});</script><script>_satellite["_runScript75"](function(event, target, Promise) {
!event.event&&event?.detail?.GA4&&(event.event={eventModel:event.detail});
});</script><script>_satellite["_runScript76"](function(event, target, Promise) {
!event.event&&event?.detail?.GA4&&(event.event={eventModel:event.detail});
});</script><script>_satellite["_runScript77"](function(event, target, Promise) {
!event.event&&event?.detail?.GA4&&(event.event={eventModel:event.detail});
});</script><script>_satellite["_runScript78"](function(event, target, Promise) {
!event.event&&event?.detail?.GA4&&(event.event={eventModel:event.detail});
});</script><script>_satellite["_runScript79"](function(event, target, Promise) {
!event.event&&event?.detail?.GA4&&(event.event={eventModel:event.detail});
});</script>
<script type="text/javascript" id="" charset="">window.dataLayer.push({epsilon:null});
var bannerCheck=google_tag_manager["rm"]["91052981"](756),brands={"giantfood.com":{bannerCo:"82344",magicID:"315e9c",ePath:"giantfood.com"},"www2.giantfood.com":{bannerCo:"82344",magicID:"315e9c",ePath:"giantfood.com"},"giantfoodstores.com":{bannerCo:"82345",magicID:"697cf4",ePath:"giantfoodstores.com"},"www2.giantfoodstores.com":{bannerCo:"82345",magicID:"697cf4",ePath:"giantfoodstores.com"},"martinsfoods.com":{bannerCo:"82345",magicID:"697cf4",ePath:"martinsfoods.com"},"www2.martinsfoods.com":{bannerCo:"82345",magicID:"697cf4",
ePath:"martinsfoods.com"},"stopandshop.com":{bannerCo:"82346",magicID:"e262b1",ePath:"stopandshop.com"},"www2.stopandshop.com":{bannerCo:"82346",magicID:"e262b1",ePath:"stopandshop.com"},"foodlion.com":{bannerCo:"82347",magicID:"933eb6",ePath:"foodlion.com"},"www2.foodlion.com":{bannerCo:"82347",magicID:"933eb6",ePath:"foodlion.com"}},brandData=brands[bannerCheck],bannerCo=brandData?brandData.bannerCo:void 0,magicID=brandData?brandData.magicID:void 0,ePath=brandData?brandData.ePath:void 0,bannerPath=
google_tag_manager["rm"]["91052981"](757)||"/";
if(bannerPath==="/"||bannerPath==="/home")var bannerPage="1",bannerPageName="homepage";else if(bannerPath.startsWith("/browse-aisles/categories/1/categories/")){var re=RegExp("categories/1/categories/\\d*/categories");if(re.exec(bannerPath)){bannerPage="3";bannerPageName="category";var bannerPageCat=google_tag_manager["rm"]["91052981"](759)}else{bannerPage="2";bannerPageName="department";var bannerPageDept=google_tag_manager["rm"]["91052981"](761);bannerPageCat=void 0}}else bannerPath.startsWith("/product/")?(bannerPage="5",bannerPageName=
"product detail"):(bannerPath==="/cart"?(bannerPage="6",bannerPageName="cart page"):bannerPath.startsWith("/product-search/")?(bannerPage="7",bannerPageName="search results"):google_tag_manager["rm"]["91052981"](762)=="Service Selection Modal"&&google_tag_manager["rm"]["91052981"](763)==""&&google_tag_manager["rm"]["91052981"](764)!="/cart"||bannerPath==="modal/service-type-selection-modal/pickup"||bannerPath==="modal/service-type-selection-modal/delivery"||bannerPath==="modal/service-type-selection-modal/instore"?(bannerPage="10",bannerPageName="store locator"):
bannerPath==="/past-purchases"?(bannerPage="17",bannerPageName="past purchases"):bannerPath==="/savings"?(bannerPage="18",bannerPageName="all specials"):bannerPath.startsWith("/pages/")?(bannerPage="19",bannerPageName="all splash pages"):bannerPath==="modal/service-type-selection-modal/serviceType"?(bannerPage="11",bannerPageName="shopping method"):bannerPath==="/registration/loyalty-success"?(bannerPage="941",bannerPageName="account signup"):bannerPath.startsWith("/account")?bannerPath.startsWith("/account/payment/")?
(bannerPage="21",bannerPageName="enter payment information"):(bannerPage="942",bannerPageName="account center"):(bannerPage="400",bannerPageName="catchall"),bannerPageCat=bannerPageDept=void 0);window.dataLayer=window.dataLayer||[];window.dataLayer.push({event:"epsilon-visit-tag-values",epsilon:{epsilonBanner:bannerCo,epsilonTagPath:ePath,epsilonMagicID:magicID,epsilonPage:bannerPage,epsilonPageName:bannerPageName,epsilonDept:bannerPageDept,epsilonCat:bannerPageCat}});</script>
<script type="text/javascript" id="" charset="">!function(b,e,f,g,a,c,d){b.fbq||(a=b.fbq=function(){a.callMethod?a.callMethod.apply(a,arguments):a.queue.push(arguments)},b._fbq||(b._fbq=a),a.push=a,a.loaded=!0,a.version="2.0",a.queue=[],c=e.createElement(f),c.async=!0,c.src=g,d=e.getElementsByTagName(f)[0],d.parentNode.insertBefore(c,d))}(window,document,"script","https://connect.facebook.net/en_US/fbevents.js");fbq("init","644428442669458");fbq("track","PageView");</script>

<script type="text/javascript" id="" charset="">try{fbq("track","ViewContent")}catch(a){};</script>

<script type="text/javascript" id="" charset="">(function(g,e,a,f,b,c,d){b.ire_o=a;b[a]=b[a]||function(){(b[a].a=b[a].a||[]).push(arguments)};c=f.createElement(e);d=f.getElementsByTagName(e)[0];c.async=1;c.src=g;d.parentNode.insertBefore(c,d)})("//d.impactradius-event.com/A2054612-eddf-474e-8f15-1c17aba4527a1.js","script","ire",document,window);console.log("Impact - Universal: not loggedIn");</script>

<script id="" text="" charset="" type="text/javascript" src="./Browse Aisles - Meat _ Stop &amp; Shop_files/core(1).js.download"></script><script id="" text="" charset="" type="text/javascript" src="./Browse Aisles - Meat _ Stop &amp; Shop_files/adelphic_universal_pixel.js.download"></script><script type="text/javascript" id="" charset="">fbq("track","PageView");</script>
<script type="text/javascript" id="" charset="">!function(d,g,e){d.TiktokAnalyticsObject=e;var a=d[e]=d[e]||[];a.methods="page track identify instances debug on off once ready alias group enableCookie disableCookie".split(" ");a.setAndDefer=function(b,c){b[c]=function(){b.push([c].concat(Array.prototype.slice.call(arguments,0)))}};for(d=0;d<a.methods.length;d++)a.setAndDefer(a,a.methods[d]);a.instance=function(b){b=a._i[b]||[];for(var c=0;c<a.methods.length;c++)a.setAndDefer(b,a.methods[c]);return b};a.load=function(b,c){var f="https://analytics.tiktok.com/i18n/pixel/events.js";
a._i=a._i||{};a._i[b]=[];a._i[b]._u=f;a._t=a._t||{};a._t[b]=+new Date;a._o=a._o||{};a._o[b]=c||{};c=document.createElement("script");c.type="text/javascript";c.async=!0;c.src=f+"?sdkid\x3d"+b+"\x26lib\x3d"+e;b=document.getElementsByTagName("script")[0];b.parentNode.insertBefore(c,b)};a.load("CMO2NERC77UB6TL33JN0");a.page()}(window,document,"ttq");</script>
<script id="" text="" charset="" type="text/javascript" src="./Browse Aisles - Meat _ Stop &amp; Shop_files/viant_universal_pixel.js.download"></script>
<script type="text/javascript" id="" charset="">!function(b,e,f,g,a,c,d){b.fbq||(a=b.fbq=function(){a.callMethod?a.callMethod.apply(a,arguments):a.queue.push(arguments)},b._fbq||(b._fbq=a),a.push=a,a.loaded=!0,a.version="2.0",a.queue=[],c=e.createElement(f),c.async=!0,c.src=g,d=e.getElementsByTagName(f)[0],d.parentNode.insertBefore(c,d))}(window,document,"script","https://connect.facebook.net/en_US/fbevents.js");fbq("init","1175929780108921");fbq("track","PageView");</script>
<noscript><img height="1" width="1" style="display:none" src="https://www.facebook.com/tr?id=1175929780108921&amp;ev=PageView&amp;noscript=1"></noscript>

<script type="text/javascript" id="" charset="">!function(b,e,f,g,a,c,d){b.fbq||(a=b.fbq=function(){a.callMethod?a.callMethod.apply(a,arguments):a.queue.push(arguments)},b._fbq||(b._fbq=a),a.push=a,a.loaded=!0,a.version="2.0",a.queue=[],c=e.createElement(f),c.async=!0,c.src=g,d=e.getElementsByTagName(f)[0],d.parentNode.insertBefore(c,d))}(window,document,"script","https://connect.facebook.net/en_US/fbevents.js");fbq("init","381042808319744");fbq("track","PageView");</script>
<noscript><img height="1" width="1" style="display:none" src="https://www.facebook.com/tr?id=381042808319744&amp;ev=PageView&amp;noscript=1"></noscript><iframe allow="join-ad-interest-group" data-tagging-id="AW-787499836" data-load-time="1749732712332" height="0" width="0" src="./Browse Aisles - Meat _ Stop &amp; Shop_files/787499836(7).html" style="display: none; visibility: hidden;" class="optanon-category-C0004 ot-vscat-C0004 "></iframe><iframe allow="join-ad-interest-group" data-tagging-id="AW-773932402" data-load-time="1749732712336" height="0" width="0" src="./Browse Aisles - Meat _ Stop &amp; Shop_files/773932402(7).html" style="display: none; visibility: hidden;" class="optanon-category-C0004 ot-vscat-C0004 "></iframe><iframe allow="join-ad-interest-group" data-tagging-id="AW-632822510" data-load-time="1749732712340" height="0" width="0" src="./Browse Aisles - Meat _ Stop &amp; Shop_files/632822510(7).html" style="display: none; visibility: hidden;" class="optanon-category-C0004 ot-vscat-C0004 "></iframe><iframe height="0" width="0" src="./Browse Aisles - Meat _ Stop &amp; Shop_files/activityi(30).html" style="display: none; visibility: hidden;" class="optanon-category-C0004 "></iframe><iframe allow="join-ad-interest-group" data-tagging-id="DC-10667307/ssoth0/ss_us002+unique" data-load-time="1749732712347" height="0" width="0" src="./Browse Aisles - Meat _ Stop &amp; Shop_files/activityi(31).html" style="display: none; visibility: hidden;" class="optanon-category-C0004 ot-vscat-C0004 "></iframe><iframe height="0" width="0" src="./Browse Aisles - Meat _ Stop &amp; Shop_files/activityi(32).html" style="display: none; visibility: hidden;" class="optanon-category-C0004 "></iframe><iframe allow="join-ad-interest-group" data-tagging-id="DC-10667307/sshom0/ss_us00+unique" data-load-time="1749732712351" height="0" width="0" src="./Browse Aisles - Meat _ Stop &amp; Shop_files/activityi(33).html" style="display: none; visibility: hidden;" class="optanon-category-C0004 ot-vscat-C0004 "></iframe>


<img style="display: none;" src="./Browse Aisles - Meat _ Stop &amp; Shop_files/711083(1).gif" class="optanon-category-C0004 ">





<script type="text/javascript" id="" charset="">(function(){var l=function(e,g,f,h){this.get=function(a){a+="\x3d";for(var b=document.cookie.split(";"),c=0,k=b.length;c<k;c++){for(var d=b[c];" "==d.charAt(0);)d=d.substring(1,d.length);if(0==d.indexOf(a))return d.substring(a.length,d.length)}return null};this.set=function(a,b){var c=new Date;c.setTime(c.getTime()+6048E5);c="; expires\x3d"+c.toGMTString();document.cookie=a+"\x3d"+b+c+"; path\x3d/; "};this.check=function(){var a=this.get(f);if(a)a=a.split(":");else if(100!=e)"v"==g&&(e=Math.random()>=
e/100?0:100),a=[g,e,0],this.set(f,a.join(":"));else return!0;var b=a[1];if(100==b)return!0;switch(a[0]){case "v":return!1;case "r":return b=a[2]%Math.floor(100/b),a[2]++,this.set(f,a.join(":")),!b}return!0};this.go=function(){if(this.check()){var a=document.createElement("script");a.type="text/javascript";a.src=h;document.body&&document.body.appendChild(a)}};this.start=function(){var a=this;"complete"!==document.readyState?window.addEventListener?window.addEventListener("load",function(){a.go()},
!1):window.attachEvent&&window.attachEvent("onload",function(){a.go()}):a.go()}};try{(new l(100,"r","QSI_S_ZN_3f8e6TCEOtW1Rnn","https://zn3f8e6tceotw1rnn-aholddelhaize.siteintercept.qualtrics.com/SIE/?Q_ZID\x3dZN_3f8e6TCEOtW1Rnn")).start()}catch(e){}})();</script><script type="text/javascript" src="./Browse Aisles - Meat _ Stop &amp; Shop_files/saved_resource(1)"></script><div id="ZN_3f8e6TCEOtW1Rnn"></div>

<script type="text/javascript" id="" charset="">var dtm_config={dtm_user_id:google_tag_manager["rm"]["91052981"](772),dtm_email_hash:"",dtmc_session_id:google_tag_manager["rm"]["91052981"](773),dtmc_department:google_tag_manager["rm"]["91052981"](774),dtmc_category:google_tag_manager["rm"]["91052981"](775),dtmc_sub_category:"",dtmc_product_id:"",dtmc_brand:"",dtmc_upc:"",dtmc_mpn:""};</script>
<script id="" text="" charset="" type="text/javascript" src="./Browse Aisles - Meat _ Stop &amp; Shop_files/1_0(7)"></script><iframe height="0" width="0" aria-hidden="true" alt="" style="pointer-events: none; height: 0px; width: 0px; position: absolute; padding: 0px; margin: 0px; border: 0px; visibility: hidden;" src="./Browse Aisles - Meat _ Stop &amp; Shop_files/saved_resource(10).html"></iframe>
<script type="text/javascript" id="" charset="">try{ire("identify",{campaignId:10966,customerId:"",customerEmail:""},{tag:"xhr"})}catch(a){};</script>

<script>_satellite["_runScript80"](function(event, target, Promise) {
!event.event&&event?.detail?.GA4&&(event.event={eventModel:event.detail});
});</script><script>_satellite["_runScript81"](function(event, target, Promise) {
!event.event&&event?.detail?.GA4&&(event.event={eventModel:event.detail});
});</script><script>_satellite["_runScript82"](function(event, target, Promise) {
!event.event&&event?.detail?.GA4&&(event.event={eventModel:event.detail});
});</script><script>_satellite["_runScript83"](function(event, target, Promise) {
!event.event&&event?.detail?.GA4&&(event.event={eventModel:event.detail});
});</script><script>_satellite["_runScript84"](function(event, target, Promise) {
!event.event&&event?.detail?.GA4&&(event.event={eventModel:event.detail});
});</script><script>_satellite["_runScript85"](function(event, target, Promise) {
!event.event&&event?.detail?.GA4&&(event.event={eventModel:event.detail});
});</script><script>_satellite["_runScript86"](function(event, target, Promise) {
!event.event&&event?.detail?.GA4&&(event.event={eventModel:event.detail});
});</script><script>_satellite["_runScript87"](function(event, target, Promise) {
!event.event&&event?.detail?.GA4&&(event.event={eventModel:event.detail});
});</script>
<script type="text/javascript" id="" charset="">window.dataLayer.push({epsilon:null});
var bannerCheck=google_tag_manager["rm"]["91052981"](848),brands={"giantfood.com":{bannerCo:"82344",magicID:"315e9c",ePath:"giantfood.com"},"www2.giantfood.com":{bannerCo:"82344",magicID:"315e9c",ePath:"giantfood.com"},"giantfoodstores.com":{bannerCo:"82345",magicID:"697cf4",ePath:"giantfoodstores.com"},"www2.giantfoodstores.com":{bannerCo:"82345",magicID:"697cf4",ePath:"giantfoodstores.com"},"martinsfoods.com":{bannerCo:"82345",magicID:"697cf4",ePath:"martinsfoods.com"},"www2.martinsfoods.com":{bannerCo:"82345",magicID:"697cf4",
ePath:"martinsfoods.com"},"stopandshop.com":{bannerCo:"82346",magicID:"e262b1",ePath:"stopandshop.com"},"www2.stopandshop.com":{bannerCo:"82346",magicID:"e262b1",ePath:"stopandshop.com"},"foodlion.com":{bannerCo:"82347",magicID:"933eb6",ePath:"foodlion.com"},"www2.foodlion.com":{bannerCo:"82347",magicID:"933eb6",ePath:"foodlion.com"}},brandData=brands[bannerCheck],bannerCo=brandData?brandData.bannerCo:void 0,magicID=brandData?brandData.magicID:void 0,ePath=brandData?brandData.ePath:void 0,bannerPath=
google_tag_manager["rm"]["91052981"](849)||"/";
if(bannerPath==="/"||bannerPath==="/home")var bannerPage="1",bannerPageName="homepage";else if(bannerPath.startsWith("/browse-aisles/categories/1/categories/")){var re=RegExp("categories/1/categories/\\d*/categories");if(re.exec(bannerPath)){bannerPage="3";bannerPageName="category";var bannerPageCat=google_tag_manager["rm"]["91052981"](851)}else{bannerPage="2";bannerPageName="department";var bannerPageDept=google_tag_manager["rm"]["91052981"](853);bannerPageCat=void 0}}else bannerPath.startsWith("/product/")?(bannerPage="5",bannerPageName=
"product detail"):(bannerPath==="/cart"?(bannerPage="6",bannerPageName="cart page"):bannerPath.startsWith("/product-search/")?(bannerPage="7",bannerPageName="search results"):google_tag_manager["rm"]["91052981"](854)=="Service Selection Modal"&&google_tag_manager["rm"]["91052981"](855)==""&&google_tag_manager["rm"]["91052981"](856)!="/cart"||bannerPath==="modal/service-type-selection-modal/pickup"||bannerPath==="modal/service-type-selection-modal/delivery"||bannerPath==="modal/service-type-selection-modal/instore"?(bannerPage="10",bannerPageName="store locator"):
bannerPath==="/past-purchases"?(bannerPage="17",bannerPageName="past purchases"):bannerPath==="/savings"?(bannerPage="18",bannerPageName="all specials"):bannerPath.startsWith("/pages/")?(bannerPage="19",bannerPageName="all splash pages"):bannerPath==="modal/service-type-selection-modal/serviceType"?(bannerPage="11",bannerPageName="shopping method"):bannerPath==="/registration/loyalty-success"?(bannerPage="941",bannerPageName="account signup"):bannerPath.startsWith("/account")?bannerPath.startsWith("/account/payment/")?
(bannerPage="21",bannerPageName="enter payment information"):(bannerPage="942",bannerPageName="account center"):(bannerPage="400",bannerPageName="catchall"),bannerPageCat=bannerPageDept=void 0);window.dataLayer=window.dataLayer||[];window.dataLayer.push({event:"epsilon-visit-tag-values",epsilon:{epsilonBanner:bannerCo,epsilonTagPath:ePath,epsilonMagicID:magicID,epsilonPage:bannerPage,epsilonPageName:bannerPageName,epsilonDept:bannerPageDept,epsilonCat:bannerPageCat}});</script>
<script type="text/javascript" id="" charset="">!function(b,e,f,g,a,c,d){b.fbq||(a=b.fbq=function(){a.callMethod?a.callMethod.apply(a,arguments):a.queue.push(arguments)},b._fbq||(b._fbq=a),a.push=a,a.loaded=!0,a.version="2.0",a.queue=[],c=e.createElement(f),c.async=!0,c.src=g,d=e.getElementsByTagName(f)[0],d.parentNode.insertBefore(c,d))}(window,document,"script","https://connect.facebook.net/en_US/fbevents.js");fbq("init","644428442669458");fbq("track","PageView");</script>

<script type="text/javascript" id="" charset="">try{fbq("track","ViewContent")}catch(a){};</script>

<script type="text/javascript" id="" charset="">(function(g,e,a,f,b,c,d){b.ire_o=a;b[a]=b[a]||function(){(b[a].a=b[a].a||[]).push(arguments)};c=f.createElement(e);d=f.getElementsByTagName(e)[0];c.async=1;c.src=g;d.parentNode.insertBefore(c,d)})("//d.impactradius-event.com/A2054612-eddf-474e-8f15-1c17aba4527a1.js","script","ire",document,window);console.log("Impact - Universal: not loggedIn");</script>

<script id="" text="" charset="" type="text/javascript" src="./Browse Aisles - Meat _ Stop &amp; Shop_files/core(1).js.download"></script><script id="" text="" charset="" type="text/javascript" src="./Browse Aisles - Meat _ Stop &amp; Shop_files/adelphic_universal_pixel.js.download"></script><script type="text/javascript" id="" charset="">fbq("track","PageView");</script>
<script type="text/javascript" id="" charset="">!function(d,g,e){d.TiktokAnalyticsObject=e;var a=d[e]=d[e]||[];a.methods="page track identify instances debug on off once ready alias group enableCookie disableCookie".split(" ");a.setAndDefer=function(b,c){b[c]=function(){b.push([c].concat(Array.prototype.slice.call(arguments,0)))}};for(d=0;d<a.methods.length;d++)a.setAndDefer(a,a.methods[d]);a.instance=function(b){b=a._i[b]||[];for(var c=0;c<a.methods.length;c++)a.setAndDefer(b,a.methods[c]);return b};a.load=function(b,c){var f="https://analytics.tiktok.com/i18n/pixel/events.js";
a._i=a._i||{};a._i[b]=[];a._i[b]._u=f;a._t=a._t||{};a._t[b]=+new Date;a._o=a._o||{};a._o[b]=c||{};c=document.createElement("script");c.type="text/javascript";c.async=!0;c.src=f+"?sdkid\x3d"+b+"\x26lib\x3d"+e;b=document.getElementsByTagName("script")[0];b.parentNode.insertBefore(c,b)};a.load("CMO2NERC77UB6TL33JN0");a.page()}(window,document,"ttq");</script>
<script id="" text="" charset="" type="text/javascript" src="./Browse Aisles - Meat _ Stop &amp; Shop_files/viant_universal_pixel.js.download"></script>
<script type="text/javascript" id="" charset="">!function(b,e,f,g,a,c,d){b.fbq||(a=b.fbq=function(){a.callMethod?a.callMethod.apply(a,arguments):a.queue.push(arguments)},b._fbq||(b._fbq=a),a.push=a,a.loaded=!0,a.version="2.0",a.queue=[],c=e.createElement(f),c.async=!0,c.src=g,d=e.getElementsByTagName(f)[0],d.parentNode.insertBefore(c,d))}(window,document,"script","https://connect.facebook.net/en_US/fbevents.js");fbq("init","1175929780108921");fbq("track","PageView");</script>
<noscript><img height="1" width="1" style="display:none" src="https://www.facebook.com/tr?id=1175929780108921&amp;ev=PageView&amp;noscript=1"></noscript>

<script type="text/javascript" id="" charset="">!function(b,e,f,g,a,c,d){b.fbq||(a=b.fbq=function(){a.callMethod?a.callMethod.apply(a,arguments):a.queue.push(arguments)},b._fbq||(b._fbq=a),a.push=a,a.loaded=!0,a.version="2.0",a.queue=[],c=e.createElement(f),c.async=!0,c.src=g,d=e.getElementsByTagName(f)[0],d.parentNode.insertBefore(c,d))}(window,document,"script","https://connect.facebook.net/en_US/fbevents.js");fbq("init","381042808319744");fbq("track","PageView");</script>
<noscript><img height="1" width="1" style="display:none" src="https://www.facebook.com/tr?id=381042808319744&amp;ev=PageView&amp;noscript=1"></noscript><iframe allow="join-ad-interest-group" data-tagging-id="AW-787499836" data-load-time="1749732714488" height="0" width="0" src="./Browse Aisles - Meat _ Stop &amp; Shop_files/787499836(8).html" style="display: none; visibility: hidden;" class="optanon-category-C0004 ot-vscat-C0004 "></iframe><iframe allow="join-ad-interest-group" data-tagging-id="AW-773932402" data-load-time="1749732714492" height="0" width="0" src="./Browse Aisles - Meat _ Stop &amp; Shop_files/773932402(8).html" style="display: none; visibility: hidden;" class="optanon-category-C0004 ot-vscat-C0004 "></iframe><iframe allow="join-ad-interest-group" data-tagging-id="AW-632822510" data-load-time="1749732714497" height="0" width="0" src="./Browse Aisles - Meat _ Stop &amp; Shop_files/632822510(8).html" style="display: none; visibility: hidden;" class="optanon-category-C0004 ot-vscat-C0004 "></iframe><iframe height="0" width="0" src="./Browse Aisles - Meat _ Stop &amp; Shop_files/activityi(34).html" style="display: none; visibility: hidden;" class="optanon-category-C0004 "></iframe><iframe allow="join-ad-interest-group" data-tagging-id="DC-10667307/ssoth0/ss_us002+unique" data-load-time="1749732714503" height="0" width="0" src="./Browse Aisles - Meat _ Stop &amp; Shop_files/activityi(35).html" style="display: none; visibility: hidden;" class="optanon-category-C0004 ot-vscat-C0004 "></iframe><iframe height="0" width="0" src="./Browse Aisles - Meat _ Stop &amp; Shop_files/activityi(36).html" style="display: none; visibility: hidden;" class="optanon-category-C0004 "></iframe><iframe allow="join-ad-interest-group" data-tagging-id="DC-10667307/sshom0/ss_us00+unique" data-load-time="1749732714508" height="0" width="0" src="./Browse Aisles - Meat _ Stop &amp; Shop_files/activityi(37).html" style="display: none; visibility: hidden;" class="optanon-category-C0004 ot-vscat-C0004 "></iframe>


<img style="display: none;" src="./Browse Aisles - Meat _ Stop &amp; Shop_files/711083(1).gif" class="optanon-category-C0004 ">





<script type="text/javascript" id="" charset="">(function(){var l=function(e,g,f,h){this.get=function(a){a+="\x3d";for(var b=document.cookie.split(";"),c=0,k=b.length;c<k;c++){for(var d=b[c];" "==d.charAt(0);)d=d.substring(1,d.length);if(0==d.indexOf(a))return d.substring(a.length,d.length)}return null};this.set=function(a,b){var c=new Date;c.setTime(c.getTime()+6048E5);c="; expires\x3d"+c.toGMTString();document.cookie=a+"\x3d"+b+c+"; path\x3d/; "};this.check=function(){var a=this.get(f);if(a)a=a.split(":");else if(100!=e)"v"==g&&(e=Math.random()>=
e/100?0:100),a=[g,e,0],this.set(f,a.join(":"));else return!0;var b=a[1];if(100==b)return!0;switch(a[0]){case "v":return!1;case "r":return b=a[2]%Math.floor(100/b),a[2]++,this.set(f,a.join(":")),!b}return!0};this.go=function(){if(this.check()){var a=document.createElement("script");a.type="text/javascript";a.src=h;document.body&&document.body.appendChild(a)}};this.start=function(){var a=this;"complete"!==document.readyState?window.addEventListener?window.addEventListener("load",function(){a.go()},
!1):window.attachEvent&&window.attachEvent("onload",function(){a.go()}):a.go()}};try{(new l(100,"r","QSI_S_ZN_3f8e6TCEOtW1Rnn","https://zn3f8e6tceotw1rnn-aholddelhaize.siteintercept.qualtrics.com/SIE/?Q_ZID\x3dZN_3f8e6TCEOtW1Rnn")).start()}catch(e){}})();</script><script type="text/javascript" src="./Browse Aisles - Meat _ Stop &amp; Shop_files/saved_resource(1)"></script><div id="ZN_3f8e6TCEOtW1Rnn"></div>

<script type="text/javascript" id="" charset="">var dtm_config={dtm_user_id:google_tag_manager["rm"]["91052981"](864),dtm_email_hash:"",dtmc_session_id:google_tag_manager["rm"]["91052981"](865),dtmc_department:google_tag_manager["rm"]["91052981"](866),dtmc_category:google_tag_manager["rm"]["91052981"](867),dtmc_sub_category:"",dtmc_product_id:"",dtmc_brand:"",dtmc_upc:"",dtmc_mpn:""};</script>
<script id="" text="" charset="" type="text/javascript" src="./Browse Aisles - Meat _ Stop &amp; Shop_files/1_0(8)"></script><iframe height="0" width="0" aria-hidden="true" alt="" style="pointer-events: none; height: 0px; width: 0px; position: absolute; padding: 0px; margin: 0px; border: 0px; visibility: hidden;" src="./Browse Aisles - Meat _ Stop &amp; Shop_files/saved_resource(11).html"></iframe>
<script type="text/javascript" id="" charset="">try{ire("identify",{campaignId:10966,customerId:"",customerEmail:""},{tag:"xhr"})}catch(a){};</script>

<script>_satellite["_runScript88"](function(event, target, Promise) {
!event.event&&event?.detail?.GA4&&(event.event={eventModel:event.detail});
});</script><script>_satellite["_runScript89"](function(event, target, Promise) {
!event.event&&event?.detail?.GA4&&(event.event={eventModel:event.detail});
});</script><script>_satellite["_runScript90"](function(event, target, Promise) {
!event.event&&event?.detail?.GA4&&(event.event={eventModel:event.detail});
});</script><script>_satellite["_runScript91"](function(event, target, Promise) {
!event.event&&event?.detail?.GA4&&(event.event={eventModel:event.detail});
});</script><script>_satellite["_runScript92"](function(event, target, Promise) {
!event.event&&event?.detail?.GA4&&(event.event={eventModel:event.detail});
});</script><script>_satellite["_runScript93"](function(event, target, Promise) {
!event.event&&event?.detail?.GA4&&(event.event={eventModel:event.detail});
});</script><script>_satellite["_runScript94"](function(event, target, Promise) {
!event.event&&event?.detail?.GA4&&(event.event={eventModel:event.detail});
});</script><script>_satellite["_runScript95"](function(event, target, Promise) {
!event.event&&event?.detail?.GA4&&(event.event={eventModel:event.detail});
});</script><script>_satellite["_runScript96"](function(event, target, Promise) {
!event.event&&event?.detail?.GA4&&(event.event={eventModel:event.detail});
});</script><script>_satellite["_runScript97"](function(event, target, Promise) {
!event.event&&event?.detail?.GA4&&(event.event={eventModel:event.detail});
});</script><script>_satellite["_runScript98"](function(event, target, Promise) {
!event.event&&event?.detail?.GA4&&(event.event={eventModel:event.detail});
});</script><script>_satellite["_runScript99"](function(event, target, Promise) {
!event.event&&event?.detail?.GA4&&(event.event={eventModel:event.detail});
});</script><script>_satellite["_runScript100"](function(event, target, Promise) {
!event.event&&event?.detail?.GA4&&(event.event={eventModel:event.detail});
});</script></body><grammarly-desktop-integration data-grammarly-shadow-root="true"><template shadowrootmode="open"><style>
      div.grammarly-desktop-integration {
        position: absolute;
        width: 1px;
        height: 1px;
        padding: 0;
        margin: -1px;
        overflow: hidden;
        clip: rect(0, 0, 0, 0);
        white-space: nowrap;
        border: 0;
        -moz-user-select: none;
        -webkit-user-select: none;
        -ms-user-select:none;
        user-select:none;
      }

      div.grammarly-desktop-integration:before {
        content: attr(data-content);
      }
    </style><div aria-label="grammarly-integration" role="group" tabindex="-1" class="grammarly-desktop-integration" data-content="{&quot;mode&quot;:&quot;limited&quot;,&quot;isActive&quot;:false,&quot;isUserDisabled&quot;:false}"></div></template></grammarly-desktop-integration><iframe name="goog_topics_frame" src="./Browse Aisles - Meat _ Stop &amp; Shop_files/topics_frame.html" style="display: none;"></iframe></html>